2602 4890
56 182 92 252 6.]
480 182 525 236 Ad
546 181 612 237 lam.
630 181 652 248 1,
668 183 693 236 9.
1125 182 1181 249 197

70 388 112 399 —
134 349 190 413 sed
212 368 276 429 eos,
306 366 388 432 quos
409 354 482 414 erat
503 347 667 423 infinitum
690 347 769 412 bene
791 347 831 413 de
852 368 904 413 me
925 348 1058 414 meritos
1080 349 1184 414 omnis

55 448 153 513 inere:
181 468 263 530 quos
290 452 399 513 tamen
424 450 510 530 ipsos
535 447 654 528 libros,
685 446 714 512 si
739 467 844 530 quem,
866 447 917 512 cui
933 455 1021 514 recte
1038 450 1185 514 commit·

82 551 246 630 invenero,
276 549 399 615 curabo
430 548 472 614 ad
492 555 525 613 te
546 548 761 632 perferendos.
810 550 917 633 Atque
937 549 1035 615 istam
1055 550 1185 635 quidem

55 670 98 714 em
122 651 208 714 vitae
228 648 532 732 consuetudinisque
553 654 685 715 nostrae
705 654 810 716 totam
829 648 870 714 ad
887 655 920 714 te
938 648 1064 716 defero:
1083 668 1185 735 quan-

65 749 204 831 litteris,
238 755 397 832 quantum
418 749 553 829 studiis,
584 749 746 814 veteribus
768 751 887 815 nostris
908 748 1185 830 delectationibus,

55 853 127 934 equi
144 852 330 935 poterimus,
349 849 383 914 id
402 866 495 916 omne
514 849 555 915 ad
574 850 747 917 arbitrium
764 856 867 930 tuum,
890 850 946 935 qui
963 852 1044 916 haec
1061 870 1186 933 semper

55 952 100 1030 sti,
123 952 333 1018 libentissime
354 952 564 1019 conferemus.

61 1051 150 1129 Quae
180 1054 221 1118 ad
251 1072 302 1118 mc
334 1053 374 1118 de
395 1054 461 1118 tuis
483 1053 580 1119 rebus
600 1052 784 1119 domesticis
804 1051 918 1117 scribis
939 1070 1087 1135 quaeque
1107 1050 1228 1116 mihiel

55 1154 191 1234 mendas,
221 1175 260 1220 ea
289 1161 402 1221 tantae
423 1152 503 1219 mihi
525 1174 621 1220 curae
642 1161 728 1234 sunt,
759 1160 796 1219 ut
818 1174 868 1219 me
889 1152 989 1218 nolim
1011 1151 1184 1232 admoueri,

57 1256 84 1318 ri
114 1276 189 1321 vero
215 1256 283 1320 sine
301 1274 420 1338 magno
442 1253 552 1320 dolore
574 1254 627 1318 vix
648 1254 775 1338 possim.
810 1253 903 1331 Quod
925 1254 965 1318 de
987 1252 1098 1329 Quinti
1119 1251 1184 1316 fre-

57 1356 188 1439 negotio
210 1355 333 1434 scribis,
355 1363 388 1421 te
407 1356 517 1439 priore
539 1361 678 1434 aestate,
713 1354 800 1438 quod
822 1353 935 1436 morbo
954 1352 1130 1437 impeditus
1151 1351 1184 1416 in

57 1456 119 1520 iam
142 1476 209 1521 uon
230 1456 407 1534 transieris,
437 1455 592 1521 conficere
614 1476 679 1521 non
699 1456 857 1539 potuisse,
878 1470 964 1519 nunc
984 1459 1094 1519 autem
1116 1470 1184 1518 om·

55 1556 221 1635 z'acturum,
243 1562 281 1622 ut
301 1555 460 1636 conficias,
482 1556 516 1621 id
534 1557 615 1621 scito
634 1576 702 1621 esse
718 1556 787 1620 eius
803 1554 901 1634 modi,
923 1562 962 1620 ut
978 1559 1079 1619 frater
1095 1572 1185 1618 meus

78 1657 239 1722 existimet
271 1657 423 1723 adiuncto
454 1658 518 1723 isto
547 1656 649 1723 fundo
669 1656 901 1740 patrimonium
922 1655 992 1721 fore
1013 1674 1107 1719 suum
1129 1674 1186 1738 per

55 1759 252 1828 institutum.
294 1758 343 1823 Tu
365 1779 415 1825 me
437 1758 478 1824 de
498 1758 565 1824 tuis
584 1757 681 1824 rebus
703 1757 853 1824 omnibus
873 1763 906 1822 et
928 1756 967 1821 dc
988 1755 1116 1821 Lentuli
1136 1755 1186 1821 tui

55 1859 144 1941 rique
175 1856 291 1924 studiis
323 1865 356 1925 et
385 1859 669 1926 exercitationibus
700 1859 795 1924 velim
815 1876 914 1942 quam
935 1857 1185 1923 familiarissime

58 1980 144 2024 orem
176 1966 209 2025 et
239 1980 337 2042 quam
364 1958 548 2044 saepissime
568 1960 668 2025 facias
690 1960 916 2042 existimesque
937 1958 1096 2023 neminem
1118 1958 1184 2021 cui-

55 2079 74 2122 ιι
105 2080 210 2144 neque
232 2061 387 2126 cariorem
417 2081 521 2145 neque
547 2061 770 2127 iucundiorem
790 2078 946 2144 umquam
966 2056 1065 2124 luisse
1087 2078 1184 2142 quam

55 2160 109 2223 tihi
131 2160 230 2244 idque
252 2181 302 2226 me
323 2182 386 2227 non
409 2161 506 2228 modo
527 2166 565 2226 ut
585 2167 623 2226 tu
644 2160 775 2240 sentias,
796 2160 852 2226 sed
874 2165 911 2224 ut
935 2179 1044 2224 omnes
1066 2163 1184 2242 gentes,

55 2282 73 2323 n
95 2269 133 2324 ut
153 2263 326 2345 posteritas
348 2263 451 2328 omnis
473 2262 651 2345 intellegat,
673 2282 741 2327 esse
762 2261 933 2327 facturum.

58 2360 181 2444 Appius
203 2364 235 2426 in
258 2362 460 2429 sermonibus
482 2368 580 2428 antea
601 2362 785 2441 dictitabat,
807 2367 920 2447 postea
937 2361 1020 2425 dixit
1035 2360 1133 2425 etiam
1150 2359 1225 2425 inea

55 2466 90 2525 ιιι
112 2462 231 2544 palam,
261 2468 340 2540 sese,
366 2463 395 2527 si
416 2464 540 2529 licitum
562 2469 644 2529 esset
666 2464 770 2546 legem
792 2462 950 2528 curiatam
972 2462 1065 2539 ferre,
1087 2459 1184 2525 sorti·
1264 2536 1267 2547 Ι

58 2830 138 2895 ‚24):
159 2832 362 2884 teramnensem
387 2834 490 2885 ιιιίιιαιιι
511 2850 556 2900 pe·
599 2831 687 2902 bung,
704 2846 751 2884 um
769 2831 818 2885 des
836 2830 975 2884 Futurum
1001 2848 1034 2883 zu
1051 2828 1185 2882 betonem:

56 2923 108 2965 set.-
134 2933 202 2981 quoe
227 2933 278 2967 ooo
302 2917 435 2969 ἀωὶιιιιιιιι
451 2934 558 2985 corpere
599 2916 646 2970 ‘du
663 2917 782 2970 cadas.
799 2942 833 2954 -
858 2916 890 2967 de
916 2915 1005 2980 Quinti
1017 2914 1118 2980 fratris
1142 2928 1185 2964 ne·

55 3000 91 3049 ιιι.
109 3025 142 3035 -
160 2997 303 3063 nominare]
331 2996 475 3069 abhdngig
502 3016 558 3054 von
598 2996 675 3068 qotio]
702 2998 737 3053 ob
763 2998 808 3053 die
826 2996 902 3052 Reda
919 3013 973 3051 von
1000 2996 1091 3049 einem
1113 2993 1185 3049 nahe

55 3083 186 3147 'astudam
203 3110 237 3119 —-
258 3093 315 3136 arat
330 3078 475 3151 intuitum]
493 3099 557 3137 zum
600 3082 646 3137 bei
653 3082 793 3150 Arpinum
803 3082 955 3151 gelegenen
964 3078 1021 3134 out
1031 3079 1078 3146 ist,
1087 3077 1185 3133 dessen

55 3164 441 3233 ruckvgl.Sest.108:Quo
458 3169 558 3221 ειιιιιιιο
601 3165 717 3219 Ankauf
732 3165 866 3220 Lentulus
884 3164 937 3218 mit
954 3163 1044 3219 einem
1070 3163 1101 3216 in
1118 3161 1186 3215 Kili-

55 3249 135 3299 uuditi
152 3249 184 3300 de
200 3267 240 3301 mc
257 3250 331 3302 ceteri
351 3252 483 3318 pauciore
499 3253 557 3303 ciet·
600 3249 667 3303 kien
700 3249 837 3302 lebenden
875 3247 979 3301 Rdmer
1020 3246 1184 3301 vermittelu

68 3349 130 3399 qenes
146 3332 238 3384 idcirco
255 3351 309 3385 nou
326 3336 427 3401 appello
435 3336 481 3387 boc
498 3336 558 3399 loco,
601 3332 689 3399 sollte,
715 3332 753 3385 ist
778 3348 828 3386 eus
852 3333 902 3387 der
928 3330 1013 3385 Stella
1040 3329 1119 3385 nicht
1145 3345 1185 3384 er·

57 3433 87 3467 co
124 3418 213 3482 orado,
248 3419 270 3468 ei
296 3419 382 3469 minus
411 3418 443 3470 da
471 3418 558 3486 aliquo
601 3415 738 3470 sichtlich.

55 3516 69 3563 ι,
88 3502 201 3565 inqroto,
218 3501 241 3551 oi
257 3502 320 3552 sotir
336 3502 367 3553 de
384 3502 506 3567 mnibus,
519 3503 559 3553 iu-

64 3601 115 3635 eoee
132 3585 259 3637 videam.
270 3615 300 3624 -
310 3602 372 3651 quor
389 3582 483 3652 moneo]
499 3589 559 3638 ent·
633 3584 675 3639 25.
693 3586 791 3638 licitum
808 3583 878 3653 meet]
896 3603 929 3639 zu
949 3600 993 3652 ep.
1012 3584 1052 3647 16,
1070 3582 1137 3635 5.-
1152 3585 1185 3634 le-

55 3683 65 3717 r
82 3667 119 3718 ist
137 3671 223 3721 etwas
236 3669 288 3722 wie
305 3670 379 3721 edera
389 3671 462 3721 nolui
473 3667 555 3721 wirk·
596 3687 651 3736 qem
668 3671 796 3722 curiatam
808 3667 896 3737 serre]
913 3667 958 3723 die
972 3670 1013 3719 lere
1028 3668 1131 3718 curiata
1147 3664 1185 3717 ist

56 3752 244 3819 ausgelallen,
274 3751 340 3805 oder
367 3752 460 3805 Cicero
489 3750 558 3822 ging
602 3752 663 3820 „eiu
680 3750 846 3806 besonderer
863 3752 939 3817 Akt,
957 3749 1045 3804 durch
1064 3748 1183 3802 welcben

62 3834 126 3887 dem
143 3840 205 3904 quic
221 3837 326 3890 verebar
343 3835 558 3888 enakoluthisch
600 3835 645 3889 die
671 3834 821 3891 Gemeinde
850 3835 907 3890 sicb
941 3836 1004 3889 dem
1031 3831 1184 3899 Imperium

75 3937 108 3971 zu
131 3919 194 3973 dem
213 3919 472 3988 Hauptgedunken:
498 3936 558 3987 quos
599 3919 667 3973 oder
684 3919 733 3973 der
742 3918 868 3973 Potestas
886 3919 934 3972 des
944 3917 1078 3971 Beemteu
1094 3916 1184 3968 inner-

55 4016 75 4056 ιτ
94 4001 138 4055 ‘du
157 4003 236 4055 sollst
245 4003 284 4056 sie
294 4002 361 4056 aber
370 4002 471 4056 habon’
481 4001 556 4057 iiber.
599 4001 665 4057 halb
683 4002 965 4070 desseuKompetenz
983 4018 1016 4053 zu
1028 3998 1184 4069 gehorcben

55 4084 100 4152 ote]
119 4103 152 4138 zu
170 4103 213 4154 ep.
232 4089 273 4153 21,
292 4090 315 4139 1.
599 4086 794 4140 ausdriloklicb
822 4084 1024 4154 verpflichtet.“
1069 4082 1186 4136 Momm·

70 4171 211 4235 admoneri,
238 4169 335 4238 requei]
363 4169 489 4224 derselbe
507 4168 558 4223 Ge·
599 4187 648 4225 sen
667 4170 747 4224 Rem.
757 4170 795 4224 St.
806 4168 839 4224 R.
860 4170 880 4234 I,
899 4171 940 4223 50.
974 4167 1047 4222 Dass
1065 4166 1186 4222 einPro·

55 4258 88 4305 ιιι
98 4271 140 4321 ep.
154 4254 195 4317 51,
208 4257 256 4306 ll:
275 4255 466 4308 admouendum
474 4255 558 4321 potius
600 4253 699 4307 lronsul
733 4253 799 4308 oder
826 4253 979 4320 Propriitor
1004 4267 1055 4306 vor
1081 4249 1185 4303 seinem

61 4355 100 4389 me
124 4356 203 4405 quam
234 4341 382 4405 roqocrdum
411 4348 493 4406 puto5
527 4335 557 4390 in
599 4336 721 4407 Abgang
746 4338 774 4390 in
802 4337 847 4390 die
874 4336 991 4390 Provinz
1017 4351 1071 4389 von
1095 4332 1186 4386 dieser

59 4461 65 4473 .
89 4423 138 4488 943
167 4419 258 4475 Pleno.
285 4421 350 4476 fem.
376 4421 410 4488 X,
435 4424 460 4489 4,
482 4424 507 4476 2.
527 4451 555 4459 —
599 4420 766 4475 Fcrmalitiit
785 4421 839 4487 (die
856 4422 889 4474 30
898 4419 1004 4473 Kurien
1018 4418 1118 4472 liessen
1128 4414 1186 4468 sich

55 4523 117 4567 rum,
134 4516 162 4556 or
179 4506 310 4574 conficias]
339 4506 383 4561 die
401 4505 558 4562 Umscbrei·
598 4504 709 4562 eiulsch
724 4504 814 4562 durch
829 4505 865 4560 db
879 4503 1026 4559 littores
1039 4500 1206 4565 seruassent
