2602 4890
109 180 167 242 152
615 181 659 234 Ad
676 179 741 233 lam.
758 180 780 245 l,
797 185 821 233 7.
1185 180 1242 252 [Ep.
1254 184 1291 237 w,

105 365 209 427 posse,
231 346 287 428 qui
311 344 457 409 Ciliciam
475 344 681 428 Cyprumque
703 355 823 425 teneas,
845 347 924 429 quid
941 345 1069 412 efficere
1086 352 1119 413 et
1141 346 1217 429 quid
1230 366 1289 412 con·

104 446 195 526 sequi
217 445 328 527 possis,
349 450 391 524 et,
414 444 442 508 si
463 465 514 508 res
537 446 729 511 facultatem
751 445 907 512 habitura
930 445 1093 526 videatur,
1113 452 1154 511 ut
1174 446 1289 511 Alexan·

105 544 217 608 dream
239 551 338 628 atque
359 551 541 628 Aegyptum
561 552 670 610 tenere
692 548 804 628 possis,
825 567 892 611 esse
924 552 958 610 et
978 553 1057 612 tuae
1079 552 1113 611 et
1135 548 1232 613 nostri
1248 548 1291 611 in·

105 645 186 727 perii
207 644 385 727 dignitatis,
407 645 607 710 Ptolomaide
625 653 683 711 aut
700 648 809 730 aliquo
831 648 1017 732 propinquo
1033 649 1105 713 loco
1122 668 1196 731 rege
1211 646 1291 713 collo·

105 751 178 810 cato
209 753 241 811 te
269 767 342 810 cum
372 746 472 810 classe
504 754 602 829 atque
633 749 775 813 exercitu
805 749 963 831 proficisci
985 747 1230 827 Alexandream,
1255 754 1290 827 ut,

106 866 177 910 eam
199 867 270 910 oum
300 867 378 928 pace
409 846 642 930 praesidiisque
664 849 813 926 firmatis,
836 848 1041 914 Ptolomaeus
1072 849 1185 913 redeat
1204 848 1236 913 in
1253 868 1291 913 re

106 968 225 1029 gnum,
242 950 290 1012 ita
307 948 386 1027 sore,
405 955 442 1012 ut
461 954 493 1012 et
511 969 569 1031 per
586 958 619 1013 te
636 950 839 1028 restituatur,
860 971 955 1032 quem
972 949 1016 1013 ad
1032 948 1169 1014 modum
1181 954 1290 1013 senatur

105 1048 200 1113 initio
222 1050 355 1126 censuit,
377 1057 409 1113 et
430 1048 499 1112 sinc
521 1048 730 1113 multitudine
760 1048 953 1126 reducatur,
984 1069 1081 1131 quem
1112 1048 1157 1112 ad
1183 1046 1295 1113 modun

63 1148 81 1201 5
106 1148 252 1213 homines
275 1149 417 1231 religiosi
440 1149 581 1233 Sibyllae
602 1150 730 1233 placere
752 1149 913 1215 dixerunt.
956 1148 1019 1214 Sed
1049 1148 1131 1213 haec
1152 1146 1296 1230 sententia¹

105 1250 151 1313 sic
173 1256 205 1314 et
223 1249 273 1314 illi
291 1256 323 1314 et
341 1251 433 1315 nobis
451 1250 664 1333 probabatur,
682 1256 720 1314 ut
741 1270 781 1312 ex
798 1256 915 1314 eventu
933 1250 1079 1315 homines
1100 1248 1142 1313 de
1159 1254 1218 1314 tuo
1234 1268 1290 1313 oon·

105 1348 177 1413 silio
191 1351 431 1415 existimaturos
446 1350 639 1414 videremus:
659 1350 685 1413 si
700 1349 873 1425 cecidisset,
889 1355 927 1413 ut
942 1350 1090 1414 volumus
1103 1353 1139 1412 et
1152 1353 1290 1431 optamus

107 1470 215 1514 omues
233 1457 265 1515 te
282 1458 314 1514 et
332 1454 494 1534 sapienter
511 1458 544 1515 et
563 1450 702 1527 fortiter,
717 1451 744 1514 si
762 1449 887 1532 aliquid
902 1456 986 1514 esset
1003 1449 1173 1523 offensum,
1185 1446 1292 1515 eosdou

104 1548 177 1613 illos
199 1556 231 1613 et
253 1552 366 1633 cupide
388 1557 420 1616 et
442 1559 561 1615 temere
582 1551 694 1614 fecisse
715 1549 870 1614 dicturos.
921 1548 1049 1625 Quare
1071 1549 1154 1631 quid
1175 1544 1290 1631 adsequi

105 1650 216 1730 possis,
230 1672 294 1715 non
313 1658 381 1716 tam
395 1651 489 1716 facile
509 1656 557 1714 est
581 1650 674 1714 nobis
687 1670 784 1732 quam
794 1649 865 1727 tibi,
875 1649 964 1713 cuius
978 1669 1079 1732 prope
1092 1651 1127 1712 in
1140 1654 1296 1731 conspeetu

105 1752 270 1833 Aegyptus
291 1760 349 1831 est,
371 1752 522 1816 iudicare.
557 1750 624 1816 Nos
642 1750 771 1833 quidem
795 1751 855 1815 hoc
876 1751 1041 1828 sentimus,
1059 1752 1088 1814 si
1104 1750 1292 1833 exploratur

106 1851 165 1914 tibi
187 1853 229 1915 sit
251 1860 394 1933 possete
416 1851 504 1915 illius
524 1853 615 1932 regni
636 1850 744 1933 potiri,
767 1871 831 1915 non
852 1871 921 1915 esse
942 1849 1175 1925 cunctandum
1206 1849 1233 1913 si
1251 1848 1291 1913 du-

105 1950 195 2016 bium
216 1952 269 2030 sit,
292 1973 355 2016 non
378 1973 446 2016 esse
468 1950 657 2016 conandum.
700 1950 786 2014 Illud
808 1951 870 2016 tibi
892 1950 1042 2027 adfirmo,
1074 1949 1103 2013 si
1125 1971 1196 2014 rem
1215 1950 1292 2013 istun

104 2053 322 2117 exsertantia
344 2053 488 2134 gesseris,
514 2051 644 2115 forent
667 2052 784 2115 absens
806 2072 826 2115 a
848 2050 969 2130 multis,
1000 2071 1072 2114 cum
1102 2050 1246 2127 redieris,
1264 2044 1292 2113 ab

105 2152 254 2217 omnibus
275 2152 473 2231 collaudere;
501 2153 707 2218 offensionem
728 2173 795 2216 esse
816 2152 1029 2234 periculosam
1050 2157 1188 2234 propter
1213 2150 1292 2214 intur·

104 2254 244 2334 positam
267 2255 495 2317 auctoritatem
512 2252 763 2334 religionemque
782 2251 892 2316 rideo:
915 2251 971 2315 sed
988 2262 1049 2333 ego
1067 2256 1111 2324 te,
1129 2258 1169 2315 ut
1187 2248 1228 2315 ad
1243 2266 1294 2313 cot·

103 2359 173 2416 tam
202 2353 330 2417 laudem
359 2352 526 2431 adhortor,
557 2354 603 2417 sic
625 2374 646 2418 a
666 2352 872 2416 dimicatione
902 2351 1049 2416 deterreo
1080 2349 1240 2433 redeoque
1263 2344 1293 2411 ad

104 2454 195 2531 illud,
217 2454 305 2536 quod
325 2455 419 2519 initio
441 2455 561 2536 scripsi,
584 2454 686 2519 totius
716 2453 794 2517 facti
827 2454 878 2517 tui
909 2451 1064 2517 iudicium
1093 2457 1248 2516 nontam
1266 2464 1300 2511 ex·

62 2564 79 2614 6
105 2555 239 2619 consilio
261 2562 319 2620 tuo
337 2577 434 2637 quam
453 2578 491 2620 ex
510 2562 625 2619 eventu
644 2554 788 2618 homines
806 2574 875 2617 esse
892 2555 1045 2618 facturos
1075 2551 1172 2628 Quod
1189 2553 1215 2615 si
1233 2551 1293 2613 hac

103 2657 189 2722 ratio
204 2657 249 2721 rei
267 2657 426 2739 gerendae
444 2657 625 2739 periculosa
643 2655 704 2719 tibi
717 2674 784 2718 esse
797 2653 969 2731 videbitur,
984 2653 1137 2736 placebat
1155 2652 1244 2725 illud,
1257 2654 1292 2725 ut,

104 2759 131 2821 si
155 2779 211 2822 rex
225 2759 335 2822 amicis
353 2758 427 2836 tuis,
438 2759 494 2839 qui
512 2777 568 2839 per
585 2755 782 2838 provinciam
801 2763 900 2836 atque
917 2754 1088 2837 imperium
1106 2760 1203 2818 tuum
1216 2770 1294 2835 pecu·

104 2993 241 3062 Geltung:
261 2995 315 3060 vgl.
332 3010 375 3060 ep.
393 2996 416 3057 3,
435 2995 466 3044 2:
484 2995 611 3058 eripdani.
622 2994 688 3043 -ai
729 2990 833 3058 erfolg’.
860 2977 1059 3044 Uberri=ain
1075 3007 1110 3042 zu
1128 3005 1174 3058 ep.
1194 2991 1262 3053 16,1.
1274 3010 1299 3023 -

104 3096 191 3130 rea...
204 3077 387 3141 cideatzrrldie
400 3076 688 3144 Miigliohkeitbieteu
729 3075 832 3140 cupide]
861 3074 1047 3142 eigenniitzig.
1074 3101 1107 3110 —
1133 3074 1208 3125 illiue
1234 3064 1299 3137 repul

104 3161 192 3213 sollte.
210 3189 242 3196 —
261 3159 431 3227 Ptolomaide]
459 3158 688 3213 wahrscheinlich
726 3161 821 3224 potior,
834 3157 884 3210 das
901 3158 931 3209 in
948 3157 998 3211 der
1016 3158 1125 3211 iilteren
1134 3155 1255 3224 Sprache
1268 3150 1300 3207 ot

105 3242 215 3294 Alrlion.
233 3271 261 3277 -
282 3254 329 3295 aut
346 3243 442 3310 aliqud
461 3243 527 3296 oder
545 3259 581 3295 an
598 3243 688 3295 einem
730 3242 782 3295 den
800 3240 914 3294 Genitiv
931 3241 977 3294 bei
993 3241 1050 3294 sich
1070 3240 1129 3306 hat,
1157 3241 1229 3295 wird
1244 3234 1300 3293 aaut

105 3326 227 3379 anderen
237 3326 409 3394 belicbigen;
426 3325 599 3395 gewdhnlich
614 3325 688 3392 gebu
730 3324 870 3378 beiCiisar
888 3324 992 3378 einmal
1009 3324 1291 3379 sokonstrniert.-

105 3409 149 3462 bei
167 3409 261 3460 diesen
279 3410 460 3463 Ausdriicken
478 3409 544 3462 zwei
561 3408 687 3476 spezielle
729 3407 862 3475 cententio]
880 3407 961 3461 ‘nach
972 3405 1117 3459 Wunaoh’z
1135 3426 1170 3461 zu
1186 3408 1289 3476 epid,

105 3493 215 3546 Glieder
234 3510 341 3546 vorans.
355 3523 387 3530 —
405 3491 577 3559 Ptolomaeus]
589 3493 627 3544 ist
644 3490 689 3544 die
729 3519 762 3528 -
780 3512 798 3543 ιι
817 3492 992 3555 dimicatione]
1019 3507 1073 3545 von
1090 3490 1185 3544 einem
1201 3506 1263 3545 erut
1280 3513 1295 3530 >u

105 3576 168 3629 echt
205 3576 368 3629 lateiniscbe
394 3576 485 3628 Form.
511 3603 542 3611 —
568 3574 687 3641 rdipiori]
730 3575 864 3642 Kampfe:
899 3575 944 3629 die
969 3565 1099 3643 igyptcr
1133 3573 1221 3627 boten
1247 3570 1288 3625 nl>

105 3662 177 3714 allzu
197 3660 342 3729 tingatlich,
362 3659 533 3727 pedantisch.
730 3676 820 3727 gagen
863 3659 907 3713 die
943 3657 1225 3725 Wiedereinsetzung
1270 3678 1293 3698 ιν

730 3742 836 3811 Kdnigs
854 3742 909 3795 auf.
936 3769 970 3779 -
986 3738 1111 3808 deterreo]
1135 3758 1171 3794 au
1188 3757 1233 3808 ep.
1249 3740 1291 3805 Ἄρ

137 3830 161 3881 5.
179 3829 225 3893 cic}
254 3828 316 3879 ‘nur
333 3844 361 3879 so
380 3827 469 3879 weit':
496 3843 524 3878 es
548 3825 585 3878 ist
603 3824 688 3879 leicht
762 3829 787 3878 6.
805 3828 918 3892 placebat
943 3823 1021 3892 illud]
1040 3844 1074 3867 =
1094 3827 1183 3877 minuc
1202 3826 1240 3892 ss

104 3931 138 3965 zu
156 3913 231 3977 sehn,
250 3912 302 3963 wie
320 3911 382 3963 sehr
400 3910 449 3962 auf
464 3908 624 3962 Schrauben
642 3925 688 3976 ge·
729 3911 858 3960 ridebitur
875 3910 956 3971 illud,
982 3908 1052 3973 quod
1067 3908 1112 3973 pl,
1131 3924 1216 3961 unser
1230 3903 1297 3974 (mei

104 3996 183 4048 stellt
201 3994 245 4047 die
262 4010 349 4062 ganzo
367 3992 527 4061 Darlegung
546 3993 591 4045 ist.
609 3992 688 4045 Pom·
729 3993 787 4046 und
797 3991 963 4060 Pompejus’)
973 3990 1178 4061 Vorschlag.-
1184 4004 1297 4057 per-pror

105 4078 184 4145 pejus
211 4077 296 4129 hoffte
330 4076 418 4141 wohl,
445 4092 524 4129 weuu
550 4076 687 4129 Lentulus
729 4087 805 4142 atque
835 4078 973 4142 imperium
999 4074 1082 4143 tuum]
1109 4076 1164 4129 wie
1190 4074 1241 4141 §9
1269 4095 1273 4118 ι

103 4160 233 4230 Englick
259 4160 344 4224 habe,
369 4160 455 4213 aelbst
481 4159 687 4213 intervenieren
729 4177 816 4229 ganzo
839 4178 872 4213 zu
899 4160 1043 4213 Lentulus’
1062 4157 1245 4227 Verwaltung
1272 4179 1289 4217 ·.’

104 4262 138 4297 zu
156 4244 274 4310 kdunen,
293 4244 343 4297 wie
361 4259 391 4296 er
408 4260 436 4296 es
454 4245 487 4296 63
504 4242 549 4295 bei
566 4241 687 4295 Catilina
730 4244 826 4313 hdrige
852 4243 966 4297 Gebiet:
996 4259 1092 4298 ausser
1118 4241 1217 4297 Cilicia
1243 4254 1295 4295 cum

104 4328 267 4396 gewinscht
282 4327 519 4395 batte-aliquid
533 4336 593 4377 erret
610 4327 688 4390 offec-
729 4326 1114 4395 pestrisuudCiliciaaspera
1136 4329 1161 4381 8.
1178 4322 1296 4393 Pampbs

104 4410 169 4476 ruoz]
179 4410 257 4463 ‘auch
267 4427 320 4463 nur
337 4410 383 4463 die
391 4410 542 4479 geriugste'
552 4408 687 4476 Schlappe
729 4412 794 4477 lien,
810 4414 835 4463 4,
848 4410 978 4476 Pisidieu,
994 4410 1165 4479 &Isauriam
1179 4412 1206 4465 6.
1215 4410 1249 4465 ι
1261 4433 1270 4452 r
1288 4431 1291 4452 ·

103 4494 241 4561 erleidest‚
267 4494 318 4549 wie
337 4493 459 4548 nachher
480 4494 584 4559 offerwio
601 4491 688 4546 ‘Misr
730 4495 804 4560 nien,
820 4497 845 4548 7.
862 4492 954 4562 einige
971 4492 1089 4549 Bcairlre
1105 4510 1161 4551 von
1173 4492 1298 4563 Phrygi
