<?xml version="1.0" encoding="UTF-8"?>
<!DOCTYPE html PUBLIC "-//W3C//DTD XHTML 1.0 Transitional//EN"
    "http://www.w3.org/TR/xhtml1/DTD/xhtml1-transitional.dtd">
<html xmlns="http://www.w3.org/1999/xhtml" xml:lang="en" lang="en">
 <head>
  <title>
</title>
<meta http-equiv="Content-Type" content="text/html;charset=utf-8" />
  <meta name='ocr-system' content='tesseract 3.04.00' />
  <meta name='ocr-capabilities' content='ocr_page ocr_carea ocr_par ocr_line ocrx_word'/>
</head>
<body>
  <div class='ocr_page' id='page_1' title='image "./epistulaeselect00boecgoog_0449.png"; bbox 0 0 2602 4890; ppageno 0'>
   <div class='ocr_carea' id='block_1_1' title="bbox 111 186 1200 257">
    <p class='ocr_par' dir='ltr' id='par_1_1' title="bbox 111 186 1200 257">
     <span class='ocr_line' id='line_1_1' title="bbox 111 186 1200 257; baseline 0 -16"><span class='ocrx_word' id='word_1_1' title='bbox 111 192 178 255; x_wconf 76' lang='lat'>430</span> <span class='ocrx_word' id='word_1_2' title='bbox 598 188 643 241; x_wconf 89' lang='lat' dir='ltr'>Ad</span> <span class='ocrx_word' id='word_1_3' title='bbox 658 186 725 241; x_wconf 78' lang='lat' dir='ltr'>fam.</span> <span class='ocrx_word' id='word_1_4' title='bbox 741 186 790 255; x_wconf 87' lang='lat' dir='ltr'>Xl,</span> <span class='ocrx_word' id='word_1_5' title='bbox 806 188 847 241; x_wconf 62' lang='lat'>28.</span> <span class='ocrx_word' id='word_1_6' title='bbox 1184 186 1200 257; x_wconf 82' lang='lat' dir='ltr'>[l</span> 
     </span>
    </p>
   </div>
   <div class='ocr_carea' id='block_1_2' title="bbox 1 351 1200 2448">
    <p class='ocr_par' dir='ltr' id='par_1_2' title="bbox 110 351 1200 841">
     <span class='ocr_line' id='line_1_2' title="bbox 110 351 1199 436; baseline -0.001 -16"><span class='ocrx_word' id='word_1_7' title='bbox 110 376 249 420; x_wconf 83' lang='lat' dir='ltr'>causam</span> <span class='ocrx_word' id='word_1_8' title='bbox 278 353 483 418; x_wconf 83' lang='lat' dir='ltr'>dissensionis</span> <span class='ocrx_word' id='word_1_9' title='bbox 514 351 659 436; x_wconf 89' lang='lat' dir='ltr'>probavi,</span> <span class='ocrx_word' id='word_1_10' title='bbox 690 373 788 434; x_wconf 87' lang='lat' dir='ltr'>quam</span> <span class='ocrx_word' id='word_1_11' title='bbox 819 352 918 417; x_wconf 87' lang='lat' dir='ltr'>etiam</span> <span class='ocrx_word' id='word_1_12' title='bbox 948 356 1134 417; x_wconf 87' lang='lat' dir='ltr'>nascentem</span> <span class='ocrx_word' id='word_1_13' title='bbox 1163 375 1199 419; x_wconf 85' lang='lat' dir='ltr'>ex</span> 
     </span>
     <span class='ocr_line' id='line_1_3' title="bbox 115 452 1200 537; baseline -0.003 -16"><span class='ocrx_word' id='word_1_14' title='bbox 115 477 239 521; x_wconf 89' lang='lat' dir='ltr'>summe</span> <span class='ocrx_word' id='word_1_15' title='bbox 257 454 374 518; x_wconf 91' lang='lat' dir='ltr'>studui.</span> <span class='ocrx_word' id='word_1_16' title='bbox 414 455 530 537; x_wconf 91' lang='lat' dir='ltr'>ltaque</span> <span class='ocrx_word' id='word_1_17' title='bbox 547 455 580 517; x_wconf 89' lang='lat' dir='ltr'>in</span> <span class='ocrx_word' id='word_1_18' title='bbox 600 453 738 518; x_wconf 83' lang='lat' dir='ltr'>victoria</span> <span class='ocrx_word' id='word_1_19' title='bbox 754 452 893 517; x_wconf 91' lang='lat' dir='ltr'>hominis</span> <span class='ocrx_word' id='word_1_20' title='bbox 912 453 1088 517; x_wconf 85' lang='lat' dir='ltr'>necessarii</span> <span class='ocrx_word' id='word_1_21' title='bbox 1105 475 1200 537; x_wconf 87' lang='lat' dir='ltr'>neque</span> 
     </span>
     <span class='ocr_line' id='line_1_4' title="bbox 115 554 1200 639; baseline -0.003 -18"><span class='ocrx_word' id='word_1_22' title='bbox 115 557 161 621; x_wconf 91' lang='lat' dir='ltr'>ris</span> <span class='ocrx_word' id='word_1_23' title='bbox 183 577 285 639; x_wconf 89' lang='lat' dir='ltr'>neque</span> <span class='ocrx_word' id='word_1_24' title='bbox 305 555 459 638; x_wconf 88' lang='lat' dir='ltr'>pecuniae</span> <span class='ocrx_word' id='word_1_25' title='bbox 481 554 649 619; x_wconf 81' lang='lat' dir='ltr'>dulcedine</span> <span class='ocrx_word' id='word_1_26' title='bbox 670 575 742 618; x_wconf 91' lang='lat' dir='ltr'>sum</span> <span class='ocrx_word' id='word_1_27' title='bbox 764 559 888 637; x_wconf 87' lang='lat' dir='ltr'>eaptus,</span> <span class='ocrx_word' id='word_1_28' title='bbox 919 555 1038 636; x_wconf 90' lang='lat' dir='ltr'>quibus</span> <span class='ocrx_word' id='word_1_29' title='bbox 1070 556 1200 638; x_wconf 85' lang='lat' dir='ltr'>praemii</span> 
     </span>
     <span class='ocr_line' id='line_1_5' title="bbox 116 654 1200 740; baseline 0.002 -20"><span class='ocrx_word' id='word_1_30' title='bbox 116 658 184 740; x_wconf 91' lang='lat' dir='ltr'>qui,</span> <span class='ocrx_word' id='word_1_31' title='bbox 194 659 298 721; x_wconf 87' lang='lat' dir='ltr'>minus</span> <span class='ocrx_word' id='word_1_32' title='bbox 309 655 395 738; x_wconf 87' lang='lat' dir='ltr'>apud</span> <span class='ocrx_word' id='word_1_33' title='bbox 405 676 478 719; x_wconf 90' lang='lat' dir='ltr'>eum</span> <span class='ocrx_word' id='word_1_34' title='bbox 488 676 585 738; x_wconf 87' lang='lat' dir='ltr'>quam</span> <span class='ocrx_word' id='word_1_35' title='bbox 596 675 655 736; x_wconf 80' lang='lat' dir='ltr'>ego</span> <span class='ocrx_word' id='word_1_36' title='bbox 667 676 739 719; x_wconf 89' lang='lat' dir='ltr'>cum</span> <span class='ocrx_word' id='word_1_37' title='bbox 751 660 891 737; x_wconf 79' lang='lat' dir='ltr'>possent,</span> <span class='ocrx_word' id='word_1_38' title='bbox 902 654 1116 720; x_wconf 80' lang='lat' dir='ltr'>immoderate</span> <span class='ocrx_word' id='word_1_39' title='bbox 1130 665 1200 722; x_wconf 89' lang='lat' dir='ltr'>sunt</span> 
     </span>
     <span class='ocr_line' id='line_1_6' title="bbox 117 756 1200 841; baseline 0.001 -19"><span class='ocrx_word' id='word_1_40' title='bbox 117 763 223 841; x_wconf 86' lang='lat' dir='ltr'><strong>Atque</strong></span> <span class='ocrx_word' id='word_1_41' title='bbox 246 757 344 821; x_wconf 86' lang='lat' dir='ltr'>etiam</span> <span class='ocrx_word' id='word_1_42' title='bbox 362 777 412 820; x_wconf 89' lang='lat' dir='ltr'>res</span> <span class='ocrx_word' id='word_1_43' title='bbox 435 756 603 821; x_wconf 86' lang='lat' dir='ltr'>familiaris</span> <span class='ocrx_word' id='word_1_44' title='bbox 624 777 698 821; x_wconf 88' lang='lat' dir='ltr'>mea</span> <span class='ocrx_word' id='word_1_45' title='bbox 718 756 788 839; x_wconf 84' lang='lat' dir='ltr'>lege</span> <span class='ocrx_word' id='word_1_46' title='bbox 807 756 953 821; x_wconf 82' lang='lat' dir='ltr'>Caesaris</span> <span class='ocrx_word' id='word_1_47' title='bbox 971 756 1142 822; x_wconf 88' lang='lat' dir='ltr'>deminuta</span> <span class='ocrx_word' id='word_1_48' title='bbox 1158 768 1200 823; x_wconf 86' lang='lat' dir='ltr'>est</span> 
     </span>
    </p>

    <p class='ocr_par' dir='ltr' id='par_1_3' title="bbox 74 854 1200 1040">
     <span class='ocr_line' id='line_1_7' title="bbox 74 854 1200 940; baseline -0.001 -15"><span class='ocrx_word' id='word_1_49' title='bbox 74 870 77 875; x_wconf 82' lang='lat'>&#39;</span> <span class='ocrx_word' id='word_1_50' title='bbox 116 858 273 925; x_wconf 88' lang='lat' dir='ltr'>beneficio</span> <span class='ocrx_word' id='word_1_51' title='bbox 296 857 452 940; x_wconf 88' lang='lat' dir='ltr'>plerique,</span> <span class='ocrx_word' id='word_1_52' title='bbox 475 857 530 939; x_wconf 91' lang='lat' dir='ltr'>qui</span> <span class='ocrx_word' id='word_1_53' title='bbox 553 854 699 921; x_wconf 89' lang='lat' dir='ltr'>Caesaris</span> <span class='ocrx_word' id='word_1_54' title='bbox 722 861 824 920; x_wconf 90' lang='lat' dir='ltr'>morte</span> <span class='ocrx_word' id='word_1_55' title='bbox 846 856 1020 935; x_wconf 83' lang='lat' dir='ltr'>laetantur,</span> <span class='ocrx_word' id='word_1_56' title='bbox 1044 878 1200 924; x_wconf 88' lang='lat' dir='ltr'>remanser</span> 
     </span>
     <span class='ocr_line' id='line_1_8' title="bbox 116 957 1182 1040; baseline 0.001 -17"><span class='ocrx_word' id='word_1_57' title='bbox 116 959 254 1023; x_wconf 81' lang='lat' dir='ltr'>civitate.</span> <span class='ocrx_word' id='word_1_58' title='bbox 298 957 425 1021; x_wconf 89' lang='lat' dir='ltr'>Civibus</span> <span class='ocrx_word' id='word_1_59' title='bbox 449 958 539 1021; x_wconf 88' lang='lat' dir='ltr'>victis</span> <span class='ocrx_word' id='word_1_60' title='bbox 561 964 599 1019; x_wconf 93' lang='lat' dir='ltr'>ut</span> <span class='ocrx_word' id='word_1_61' title='bbox 621 972 817 1039; x_wconf 75' lang='lat' dir='ltr'>parceretur,</span> <span class='ocrx_word' id='word_1_62' title='bbox 841 977 942 1039; x_wconf 86' lang='lat' dir='ltr'>aeque</span> <span class='ocrx_word' id='word_1_63' title='bbox 965 977 1003 1020; x_wconf 86' lang='lat' dir='ltr'>ao</span> <span class='ocrx_word' id='word_1_64' title='bbox 1024 979 1086 1040; x_wconf 92' lang='lat' dir='ltr'>pro</span> <span class='ocrx_word' id='word_1_65' title='bbox 1114 981 1182 1024; x_wconf 88' lang='lat' dir='ltr'>mea</span> 
     </span>
    </p>

    <p class='ocr_par' dir='ltr' id='par_1_4' title="bbox 1 1047 1200 1845">
     <span class='ocr_line' id='line_1_9' title="bbox 1 1047 1200 1140; baseline -0.001 -13"><span class='ocrx_word' id='word_1_66' title='bbox 1 1047 2 1052; x_wconf 8' lang='grc' dir='ltr'>ἵ</span> <span class='ocrx_word' id='word_1_67' title='bbox 76 1077 93 1128; x_wconf 80' lang='lat'><strong>3</strong></span> <span class='ocrx_word' id='word_1_68' title='bbox 118 1058 272 1124; x_wconf 86' lang='lat' dir='ltr'>laboravi.</span> <span class='ocrx_word' id='word_1_69' title='bbox 312 1057 445 1122; x_wconf 90' lang='lat' dir='ltr'>Possum</span> <span class='ocrx_word' id='word_1_70' title='bbox 466 1056 577 1139; x_wconf 82' lang='lat' dir='ltr'>igitur,</span> <span class='ocrx_word' id='word_1_71' title='bbox 599 1057 656 1139; x_wconf 94' lang='lat' dir='ltr'>qui</span> <span class='ocrx_word' id='word_1_72' title='bbox 678 1078 787 1121; x_wconf 89' lang='lat' dir='ltr'>omnes</span> <span class='ocrx_word' id='word_1_73' title='bbox 809 1058 964 1121; x_wconf 84' lang='lat' dir='ltr'>voluerim</span> <span class='ocrx_word' id='word_1_74' title='bbox 987 1058 1171 1140; x_wconf 90' lang='lat' dir='ltr'>incolumes,</span> <span class='ocrx_word' id='word_1_75' title='bbox 1191 1084 1200 1126; x_wconf 89' lang='grc' dir='ltr'>ε</span> 
     </span>
     <span class='ocr_line' id='line_1_10' title="bbox 119 1157 1200 1245; baseline 0.003 -22"><span class='ocrx_word' id='word_1_76' title='bbox 119 1181 183 1245; x_wconf 92' lang='lat' dir='ltr'>quo</span> <span class='ocrx_word' id='word_1_77' title='bbox 206 1159 240 1222; x_wconf 94' lang='lat' dir='ltr'>id</span> <span class='ocrx_word' id='word_1_78' title='bbox 261 1159 472 1241; x_wconf 85' lang='lat' dir='ltr'>impetratum</span> <span class='ocrx_word' id='word_1_79' title='bbox 495 1164 552 1235; x_wconf 86' lang='lat' dir='ltr'>est,</span> <span class='ocrx_word' id='word_1_80' title='bbox 575 1157 696 1239; x_wconf 89' lang='lat' dir='ltr'>perisse</span> <span class='ocrx_word' id='word_1_81' title='bbox 718 1179 781 1221; x_wconf 91' lang='lat' dir='ltr'>non</span> <span class='ocrx_word' id='word_1_82' title='bbox 810 1157 997 1239; x_wconf 83' lang='lat' dir='ltr'>indignari?</span> <span class='ocrx_word' id='word_1_83' title='bbox 1029 1180 1103 1221; x_wconf 92' lang='lat' dir='ltr'>cum</span> <span class='ocrx_word' id='word_1_84' title='bbox 1133 1181 1200 1242; x_wconf 86' lang='lat' dir='ltr'>prae</span> 
     </span>
     <span class='ocr_line' id='line_1_11' title="bbox 117 1257 1191 1326; baseline 0.001 -1"><span class='ocrx_word' id='word_1_85' title='bbox 117 1261 203 1325; x_wconf 91' lang='lat' dir='ltr'>idem</span> <span class='ocrx_word' id='word_1_86' title='bbox 226 1260 369 1324; x_wconf 90' lang='lat' dir='ltr'>homines</span> <span class='ocrx_word' id='word_1_87' title='bbox 390 1259 438 1323; x_wconf 92' lang='lat' dir='ltr'>illi</span> <span class='ocrx_word' id='word_1_88' title='bbox 459 1269 491 1322; x_wconf 84' lang='lat' dir='ltr'>et</span> <span class='ocrx_word' id='word_1_89' title='bbox 513 1257 652 1322; x_wconf 87' lang='lat' dir='ltr'>invidiae</span> <span class='ocrx_word' id='word_1_90' title='bbox 674 1266 707 1322; x_wconf 89' lang='lat' dir='ltr'>et</span> <span class='ocrx_word' id='word_1_91' title='bbox 729 1259 826 1323; x_wconf 84' lang='lat' dir='ltr'>exitio</span> <span class='ocrx_word' id='word_1_92' title='bbox 849 1257 978 1324; x_wconf 87' lang='lat' dir='ltr'>luerint.</span> <span class='ocrx_word' id='word_1_93' title='bbox 1024 1259 1191 1326; x_wconf 86' lang='lat' dir='ltr'>›Plecteris</span> 
     </span>
     <span class='ocr_line' id='line_1_12' title="bbox 118 1359 1191 1444; baseline 0.002 -19"><span class='ocrx_word' id='word_1_94' title='bbox 118 1361 280 1444; x_wconf 82' lang='lat' dir='ltr'>inquiunt,</span> <span class='ocrx_word' id='word_1_95' title='bbox 301 1359 472 1442; x_wconf 88' lang='lat' dir='ltr'>&gt;quoniam</span> <span class='ocrx_word' id='word_1_96' title='bbox 490 1359 611 1423; x_wconf 85' lang='lat' dir='ltr'>factum</span> <span class='ocrx_word' id='word_1_97' title='bbox 631 1363 777 1423; x_wconf 86' lang='lat' dir='ltr'>nostrum</span> <span class='ocrx_word' id='word_1_98' title='bbox 795 1360 977 1442; x_wconf 89' lang='lat' dir='ltr'>improbare</span> <span class='ocrx_word' id='word_1_99' title='bbox 996 1360 1124 1429; x_wconf 87' lang='lat' dir='ltr'>audes.‹</span> <span class='ocrx_word' id='word_1_100' title='bbox 1167 1361 1191 1427; x_wconf 94' lang='grc'><strong>0</strong></span> 
     </span>
     <span class='ocr_line' id='line_1_13' title="bbox 117 1460 1200 1543; baseline -0.006 -15"><span class='ocrx_word' id='word_1_101' title='bbox 117 1462 207 1528; x_wconf 90' lang='lat' dir='ltr'>biam</span> <span class='ocrx_word' id='word_1_102' title='bbox 228 1461 418 1538; x_wconf 88' lang='lat' dir='ltr'>inauditam,</span> <span class='ocrx_word' id='word_1_103' title='bbox 443 1461 522 1524; x_wconf 86' lang='lat' dir='ltr'>alios</span> <span class='ocrx_word' id='word_1_104' title='bbox 544 1462 576 1523; x_wconf 91' lang='lat' dir='ltr'>in</span> <span class='ocrx_word' id='word_1_105' title='bbox 599 1460 740 1525; x_wconf 86' lang='lat' dir='ltr'>facinore</span> <span class='ocrx_word' id='word_1_106' title='bbox 763 1461 907 1543; x_wconf 83' lang='lat' dir='ltr'>gloriari,</span> <span class='ocrx_word' id='word_1_107' title='bbox 940 1461 1012 1525; x_wconf 91' lang='lat' dir='ltr'>aliis</span> <span class='ocrx_word' id='word_1_108' title='bbox 1041 1483 1081 1525; x_wconf 91' lang='lat' dir='ltr'>ne</span> <span class='ocrx_word' id='word_1_109' title='bbox 1112 1463 1200 1528; x_wconf 84' lang='lat' dir='ltr'>dolen</span> 
     </span>
     <span class='ocr_line' id='line_1_14' title="bbox 120 1559 1200 1645; baseline 0.002 -20"><span class='ocrx_word' id='word_1_110' title='bbox 120 1561 191 1627; x_wconf 91' lang='lat' dir='ltr'>dem</span> <span class='ocrx_word' id='word_1_111' title='bbox 215 1563 373 1645; x_wconf 86' lang='lat' dir='ltr'>impunite</span> <span class='ocrx_word' id='word_1_112' title='bbox 390 1561 504 1625; x_wconf 85' lang='lat' dir='ltr'>licere!</span> <span class='ocrx_word' id='word_1_113' title='bbox 528 1562 570 1626; x_wconf 86' lang='lat' dir='ltr'>At</span> <span class='ocrx_word' id='word_1_114' title='bbox 587 1560 669 1625; x_wconf 84' lang='lat' dir='ltr'>haee</span> <span class='ocrx_word' id='word_1_115' title='bbox 686 1559 783 1625; x_wconf 88' lang='lat' dir='ltr'>etiam</span> <span class='ocrx_word' id='word_1_116' title='bbox 801 1561 900 1625; x_wconf 87' lang='lat' dir='ltr'>servis</span> <span class='ocrx_word' id='word_1_117' title='bbox 919 1582 1046 1645; x_wconf 87' lang='lat' dir='ltr'>semper</span> <span class='ocrx_word' id='word_1_118' title='bbox 1064 1562 1166 1628; x_wconf 89' lang='lat' dir='ltr'>libera</span> <span class='ocrx_word' id='word_1_119' title='bbox 1180 1565 1200 1627; x_wconf 85' lang='lat' dir='ltr'>h</span> 
     </span>
     <span class='ocr_line' id='line_1_15' title="bbox 119 1661 1200 1746; baseline 0 -17"><span class='ocrx_word' id='word_1_120' title='bbox 119 1670 154 1729; x_wconf 80' lang='lat' dir='ltr'>at</span> <span class='ocrx_word' id='word_1_121' title='bbox 174 1665 335 1742; x_wconf 88' lang='lat' dir='ltr'>timerent,</span> <span class='ocrx_word' id='word_1_122' title='bbox 358 1661 545 1745; x_wconf 85' lang='lat' dir='ltr'>gauderent,</span> <span class='ocrx_word' id='word_1_123' title='bbox 569 1661 715 1726; x_wconf 91' lang='lat' dir='ltr'>dolerent</span> <span class='ocrx_word' id='word_1_124' title='bbox 736 1683 796 1726; x_wconf 91' lang='lat' dir='ltr'>suo</span> <span class='ocrx_word' id='word_1_125' title='bbox 818 1663 927 1745; x_wconf 90' lang='lat' dir='ltr'>potius</span> <span class='ocrx_word' id='word_1_126' title='bbox 958 1685 1057 1746; x_wconf 92' lang='lat' dir='ltr'>quam</span> <span class='ocrx_word' id='word_1_127' title='bbox 1080 1664 1200 1729; x_wconf 84' lang='lat' dir='ltr'>alterius</span> 
     </span>
     <span class='ocr_line' id='line_1_16' title="bbox 119 1761 1200 1845; baseline 0.002 -17"><span class='ocrx_word' id='word_1_128' title='bbox 119 1763 202 1842; x_wconf 90' lang='lat' dir='ltr'>trio;</span> <span class='ocrx_word' id='word_1_129' title='bbox 221 1783 304 1845; x_wconf 85' lang='lat' dir='ltr'>quae</span> <span class='ocrx_word' id='word_1_130' title='bbox 317 1783 410 1839; x_wconf 90' lang='lat' dir='ltr'>nunc,</span> <span class='ocrx_word' id='word_1_131' title='bbox 434 1772 471 1826; x_wconf 91' lang='lat' dir='ltr'>ut</span> <span class='ocrx_word' id='word_1_132' title='bbox 493 1761 624 1844; x_wconf 92' lang='lat' dir='ltr'>quidem</span> <span class='ocrx_word' id='word_1_133' title='bbox 639 1761 693 1825; x_wconf 89' lang='lat' dir='ltr'>isti</span> <span class='ocrx_word' id='word_1_134' title='bbox 712 1762 876 1827; x_wconf 88' lang='lat' dir='ltr'>dicititant</span> <span class='ocrx_word' id='word_1_135' title='bbox 898 1763 1061 1828; x_wconf 84' lang='lat' dir='ltr'>libertatis</span> <span class='ocrx_word' id='word_1_136' title='bbox 1080 1773 1200 1831; x_wconf 86' lang='lat' dir='ltr'>autores</span> 
     </span>
    </p>

    <p class='ocr_par' dir='ltr' id='par_1_5' title="bbox 72 1862 1200 2448">
     <span class='ocr_line' id='line_1_17' title="bbox 72 1862 1200 1945; baseline -0.001 -14"><span class='ocrx_word' id='word_1_137' title='bbox 72 1881 96 1931; x_wconf 86' lang='lat'>-4</span> <span class='ocrx_word' id='word_1_138' title='bbox 120 1863 214 1928; x_wconf 91' lang='lat' dir='ltr'>nohis</span> <span class='ocrx_word' id='word_1_139' title='bbox 237 1868 430 1945; x_wconf 83' lang='lat' dir='ltr'>extorquere</span> <span class='ocrx_word' id='word_1_140' title='bbox 456 1869 634 1940; x_wconf 82' lang='lat' dir='ltr'>conantur3</span> <span class='ocrx_word' id='word_1_141' title='bbox 666 1862 721 1926; x_wconf 88' lang='lat' dir='ltr'>sed</span> <span class='ocrx_word' id='word_1_142' title='bbox 751 1862 833 1925; x_wconf 92' lang='lat' dir='ltr'>nihil</span> <span class='ocrx_word' id='word_1_143' title='bbox 864 1873 983 1944; x_wconf 83' lang='lat' dir='ltr'>agunt:</span> <span class='ocrx_word' id='word_1_144' title='bbox 1017 1866 1139 1930; x_wconf 90' lang='lat' dir='ltr'>nullius</span> <span class='ocrx_word' id='word_1_145' title='bbox 1169 1889 1200 1930; x_wconf 88' lang='lat' dir='ltr'>uu</span> 
     </span>
     <span class='ocr_line' id='line_1_18' title="bbox 119 1961 1200 2047; baseline 0.001 -18"><span class='ocrx_word' id='word_1_146' title='bbox 119 1963 254 2047; x_wconf 86' lang='lat' dir='ltr'>periculi</span> <span class='ocrx_word' id='word_1_147' title='bbox 276 1963 454 2027; x_wconf 91' lang='lat' dir='ltr'>terroribus</span> <span class='ocrx_word' id='word_1_148' title='bbox 477 1962 518 2026; x_wconf 89' lang='lat' dir='ltr'>ab</span> <span class='ocrx_word' id='word_1_149' title='bbox 537 1961 643 2026; x_wconf 86' lang='lat' dir='ltr'>officio</span> <span class='ocrx_word' id='word_1_150' title='bbox 662 1968 721 2027; x_wconf 89' lang='lat' dir='ltr'>aut</span> <span class='ocrx_word' id='word_1_151' title='bbox 739 1963 779 2026; x_wconf 86' lang='lat' dir='ltr'>ab</span> <span class='ocrx_word' id='word_1_152' title='bbox 799 1963 1001 2028; x_wconf 87' lang='lat' dir='ltr'>humanitate</span> <span class='ocrx_word' id='word_1_153' title='bbox 1019 1965 1200 2031; x_wconf 83' lang='lat' dir='ltr'>desciscam:</span> 
     </span>
     <span class='ocr_line' id='line_1_19' title="bbox 119 2063 1200 2150; baseline 0.001 -21"><span class='ocrx_word' id='word_1_154' title='bbox 119 2086 219 2149; x_wconf 89' lang='lat' dir='ltr'>quam</span> <span class='ocrx_word' id='word_1_155' title='bbox 241 2065 325 2128; x_wconf 92' lang='lat' dir='ltr'>enim</span> <span class='ocrx_word' id='word_1_156' title='bbox 348 2063 516 2127; x_wconf 88' lang='lat' dir='ltr'>honestam</span> <span class='ocrx_word' id='word_1_157' title='bbox 538 2069 675 2127; x_wconf 89' lang='lat' dir='ltr'>mortem</span> <span class='ocrx_word' id='word_1_158' title='bbox 697 2063 898 2145; x_wconf 87' lang='lat' dir='ltr'>fugiendam,</span> <span class='ocrx_word' id='word_1_159' title='bbox 921 2086 1017 2148; x_wconf 87' lang='lat' dir='ltr'>saepe</span> <span class='ocrx_word' id='word_1_160' title='bbox 1049 2069 1148 2131; x_wconf 87' lang='lat' dir='ltr'>etiam</span> <span class='ocrx_word' id='word_1_161' title='bbox 1169 2089 1200 2150; x_wconf 88' lang='lat' dir='ltr'>op</span> 
     </span>
     <span class='ocr_line' id='line_1_20' title="bbox 120 2163 1200 2250; baseline -0.003 -20"><span class='ocrx_word' id='word_1_162' title='bbox 120 2165 193 2230; x_wconf 85' lang='lat' dir='ltr'>dam</span> <span class='ocrx_word' id='word_1_163' title='bbox 217 2167 337 2248; x_wconf 85' lang='lat' dir='ltr'>putavi.</span> <span class='ocrx_word' id='word_1_164' title='bbox 385 2164 446 2228; x_wconf 88' lang='lat' dir='ltr'>Sed</span> <span class='ocrx_word' id='word_1_165' title='bbox 468 2163 547 2247; x_wconf 93' lang='lat' dir='ltr'>quid</span> <span class='ocrx_word' id='word_1_166' title='bbox 569 2164 649 2227; x_wconf 90' lang='lat' dir='ltr'>mihi</span> <span class='ocrx_word' id='word_1_167' title='bbox 671 2170 865 2243; x_wconf 90' lang='lat' dir='ltr'>suscensent,</span> <span class='ocrx_word' id='word_1_168' title='bbox 888 2165 915 2229; x_wconf 89' lang='lat' dir='ltr'>si</span> <span class='ocrx_word' id='word_1_169' title='bbox 937 2165 970 2229; x_wconf 94' lang='lat' dir='ltr'>id</span> <span class='ocrx_word' id='word_1_170' title='bbox 991 2173 1079 2248; x_wconf 89' lang='lat' dir='ltr'>opto,</span> <span class='ocrx_word' id='word_1_171' title='bbox 1104 2178 1140 2232; x_wconf 94' lang='lat' dir='ltr'>ut</span> <span class='ocrx_word' id='word_1_172' title='bbox 1160 2189 1200 2250; x_wconf 86' lang='lat' dir='ltr'>pa</span> 
     </span>
     <span class='ocr_line' id='line_1_21' title="bbox 120 2264 1199 2348; baseline -0.001 -16"><span class='ocrx_word' id='word_1_173' title='bbox 120 2288 175 2332; x_wconf 92' lang='lat' dir='ltr'>eos</span> <span class='ocrx_word' id='word_1_174' title='bbox 196 2268 247 2332; x_wconf 92' lang='lat' dir='ltr'>sui</span> <span class='ocrx_word' id='word_1_175' title='bbox 264 2265 368 2332; x_wconf 82' lang='lat' dir='ltr'>lecti?</span> <span class='ocrx_word' id='word_1_176' title='bbox 386 2265 480 2348; x_wconf 91' lang='lat' dir='ltr'>cupio</span> <span class='ocrx_word' id='word_1_177' title='bbox 499 2265 584 2330; x_wconf 90' lang='lat' dir='ltr'>enim</span> <span class='ocrx_word' id='word_1_178' title='bbox 602 2264 748 2330; x_wconf 81' lang='lat' dir='ltr'>Caesaris</span> <span class='ocrx_word' id='word_1_179' title='bbox 766 2272 902 2330; x_wconf 89' lang='lat' dir='ltr'>mortem</span> <span class='ocrx_word' id='word_1_180' title='bbox 920 2269 1071 2333; x_wconf 92' lang='lat' dir='ltr'>omnibus</span> <span class='ocrx_word' id='word_1_181' title='bbox 1089 2289 1199 2333; x_wconf 87' lang='lat' dir='ltr'>esseae</span> 
     </span>
     <span class='ocr_line' id='line_1_22' title="bbox 207 2364 1200 2448; baseline 0.005 -21"><span class='ocrx_word' id='word_1_182' title='bbox 207 2368 269 2431; x_wconf 75' lang='lat' dir='ltr'>&gt;At</span> <span class='ocrx_word' id='word_1_183' title='bbox 290 2365 391 2431; x_wconf 87' lang='lat' dir='ltr'>debeo</span> <span class='ocrx_word' id='word_1_184' title='bbox 413 2386 473 2448; x_wconf 94' lang='lat' dir='ltr'>pro</span> <span class='ocrx_word' id='word_1_185' title='bbox 495 2364 579 2429; x_wconf 85' lang='lat' dir='ltr'>civili</span> <span class='ocrx_word' id='word_1_186' title='bbox 600 2370 693 2447; x_wconf 89' lang='lat' dir='ltr'>parte</span> <span class='ocrx_word' id='word_1_187' title='bbox 715 2386 782 2429; x_wconf 90' lang='lat' dir='ltr'>rem</span> <span class='ocrx_word' id='word_1_188' title='bbox 804 2366 969 2448; x_wconf 89' lang='lat' dir='ltr'>publicam</span> <span class='ocrx_word' id='word_1_189' title='bbox 991 2368 1072 2434; x_wconf 86' lang='lat' dir='ltr'>velle</span> <span class='ocrx_word' id='word_1_190' title='bbox 1095 2370 1200 2434; x_wconf 86' lang='lat' dir='ltr'>salvan</span> 
     </span>
    </p>
   </div>
   <div class='ocr_carea' id='block_1_3' title="bbox 61 2652 1201 4556">
    <p class='ocr_par' dir='ltr' id='par_1_6' title="bbox 61 2652 1201 4556">
     <span class='ocr_line' id='line_1_23' title="bbox 119 2652 1200 2722; baseline 0.003 -17"><span class='ocrx_word' id='word_1_191' title='bbox 119 2656 163 2718; x_wconf 82' lang='lat' dir='ltr'>bie,</span> <span class='ocrx_word' id='word_1_192' title='bbox 192 2671 273 2721; x_wconf 74' lang='lat' dir='ltr'>aeque</span> <span class='ocrx_word' id='word_1_193' title='bbox 299 2654 435 2720; x_wconf 79' lang='lat' dir='ltr'>quicquam</span> <span class='ocrx_word' id='word_1_194' title='bbox 462 2662 544 2704; x_wconf 81' lang='lat' dir='ltr'>astute</span> <span class='ocrx_word' id='word_1_195' title='bbox 569 2655 653 2718; x_wconf 65' lang='lat' dir='ltr'>copiae.</span> <span class='ocrx_word' id='word_1_196' title='bbox 671 2681 704 2688; x_wconf 93' lang='lat'><em>-</em></span> <span class='ocrx_word' id='word_1_197' title='bbox 748 2652 1200 2722; x_wconf 81' lang='lat' dir='ltr'>wiecupereatoderaperareat(la</span> 
     </span>
     <span class='ocr_line' id='line_1_24' title="bbox 120 2732 1200 2804; baseline 0 -15"><span class='ocrx_word' id='word_1_198' title='bbox 120 2739 247 2804; x_wconf 64' lang='lat' dir='ltr'>cassaque</span> <span class='ocrx_word' id='word_1_199' title='bbox 264 2754 362 2787; x_wconf 80' lang='lat' dir='ltr'>summe</span> <span class='ocrx_word' id='word_1_200' title='bbox 378 2732 477 2802; x_wconf 79' lang='lat' dir='ltr'>studui]</span> <span class='ocrx_word' id='word_1_201' title='bbox 496 2736 548 2787; x_wconf 89' lang='lat' dir='ltr'>wie</span> <span class='ocrx_word' id='word_1_202' title='bbox 566 2752 609 2801; x_wconf 89' lang='lat' dir='ltr'>ep.</span> <span class='ocrx_word' id='word_1_203' title='bbox 623 2737 705 2800; x_wconf 74' lang='lat'>141,5</span> <span class='ocrx_word' id='word_1_204' title='bbox 747 2741 862 2804; x_wconf 85' lang='lat' dir='ltr'>gesetzt,</span> <span class='ocrx_word' id='word_1_205' title='bbox 879 2753 908 2788; x_wconf 91' lang='lat' dir='ltr'>so</span> <span class='ocrx_word' id='word_1_206' title='bbox 926 2735 988 2788; x_wconf 80' lang='lat' dir='ltr'>dass</span> <span class='ocrx_word' id='word_1_207' title='bbox 1008 2738 1066 2790; x_wconf 88' lang='lat' dir='ltr'>sich</span> <span class='ocrx_word' id='word_1_208' title='bbox 1092 2738 1120 2803; x_wconf 86' lang='lat' dir='ltr'>je</span> <span class='ocrx_word' id='word_1_209' title='bbox 1144 2739 1200 2790; x_wconf 85' lang='lat' dir='ltr'>zwei</span> 
     </span>
     <span class='ocr_line' id='line_1_25' title="bbox 121 2817 1200 2886; baseline 0 -13"><span class='ocrx_word' id='word_1_210' title='bbox 121 2820 166 2873; x_wconf 90' lang='lat' dir='ltr'>die</span> <span class='ocrx_word' id='word_1_211' title='bbox 183 2817 420 2873; x_wconf 84' lang='lat' dir='ltr'>altertiimlichere</span> <span class='ocrx_word' id='word_1_212' title='bbox 430 2817 637 2872; x_wconf 85' lang='lat' dir='ltr'>Konstruktion</span> <span class='ocrx_word' id='word_1_213' title='bbox 651 2835 705 2871; x_wconf 91' lang='lat' dir='ltr'>von</span> <span class='ocrx_word' id='word_1_214' title='bbox 748 2820 822 2872; x_wconf 83' lang='lat' dir='ltr'>siitze</span> <span class='ocrx_word' id='word_1_215' title='bbox 840 2819 1043 2886; x_wconf 82' lang='lat' dir='ltr'>entspriiehen:</span> <span class='ocrx_word' id='word_1_216' title='bbox 1062 2821 1165 2875; x_wconf 85' lang='lat' dir='ltr'>Matius</span> <span class='ocrx_word' id='word_1_217' title='bbox 1176 2822 1200 2873; x_wconf 82' lang='lat' dir='ltr'>is¹</span> 
     </span>
     <span class='ocr_line' id='line_1_26' title="bbox 119 2899 1201 2970; baseline 0 -13"><span class='ocrx_word' id='word_1_218' title='bbox 119 2905 239 2964; x_wconf 62' lang='lat' dir='ltr'>academ</span> <span class='ocrx_word' id='word_1_219' title='bbox 256 2903 311 2970; x_wconf 82' lang='lat' dir='ltr'>vgl.</span> <span class='ocrx_word' id='word_1_220' title='bbox 321 2900 446 2954; x_wconf 88' lang='lat' dir='ltr'>Schmalz</span> <span class='ocrx_word' id='word_1_221' title='bbox 465 2904 511 2953; x_wconf 87' lang='lat' dir='ltr'>As.</span> <span class='ocrx_word' id='word_1_222' title='bbox 522 2901 590 2954; x_wconf 89' lang='lat' dir='ltr'>Poll.</span> <span class='ocrx_word' id='word_1_223' title='bbox 600 2903 633 2954; x_wconf 83' lang='lat'>89</span> <span class='ocrx_word' id='word_1_224' title='bbox 643 2899 706 2968; x_wconf 81' lang='lat'><strong>(28).</strong></span> <span class='ocrx_word' id='word_1_225' title='bbox 748 2903 813 2969; x_wconf 80' lang='lat' dir='ltr'>pdrt</span> <span class='ocrx_word' id='word_1_226' title='bbox 827 2902 896 2955; x_wconf 87' lang='lat' dir='ltr'>iiber</span> <span class='ocrx_word' id='word_1_227' title='bbox 913 2902 966 2955; x_wconf 90' lang='lat' dir='ltr'>den</span> <span class='ocrx_word' id='word_1_228' title='bbox 986 2902 1174 2957; x_wconf 87' lang='lat' dir='ltr'>Terrorismns</span> <span class='ocrx_word' id='word_1_229' title='bbox 1186 2905 1201 2956; x_wconf 95' lang='lat' dir='ltr'>d</span> 
     </span>
     <span class='ocr_line' id='line_1_27' title="bbox 119 2975 1200 3052; baseline 0 -12"><span class='ocrx_word' id='word_1_230' title='bbox 119 2975 196 3040; x_wconf 77' lang='lat' dir='ltr'>iiber</span> <span class='ocrx_word' id='word_1_231' title='bbox 220 3004 317 3038; x_wconf 81' lang='lat' dir='ltr'>samma</span> <span class='ocrx_word' id='word_1_232' title='bbox 343 3004 375 3038; x_wconf 84' lang='lat' dir='ltr'>zu</span> <span class='ocrx_word' id='word_1_233' title='bbox 404 3002 447 3052; x_wconf 91' lang='lat' dir='ltr'>ep.</span> <span class='ocrx_word' id='word_1_234' title='bbox 479 2986 535 3049; x_wconf 87' lang='lat'>105,</span> <span class='ocrx_word' id='word_1_235' title='bbox 562 2987 585 3037; x_wconf 85' lang='lat'>3.</span> <span class='ocrx_word' id='word_1_236' title='bbox 605 3012 635 3020; x_wconf 94' lang='lat'>-</span> <span class='ocrx_word' id='word_1_237' title='bbox 653 2988 706 3052; x_wconf 79' lang='lat' dir='ltr'>lepe</span> <span class='ocrx_word' id='word_1_238' title='bbox 748 2985 1200 3052; x_wconf 82' lang='lat' dir='ltr'>rianer,dasser,dierhetorisehe</span> 
     </span>
     <span class='ocr_line' id='line_1_28' title="bbox 125 3068 1200 3137; baseline 0.001 -15"><span class='ocrx_word' id='word_1_239' title='bbox 125 3068 254 3137; x_wconf 66' lang='lat' dir='ltr'>Caesarea]</span> <span class='ocrx_word' id='word_1_240' title='bbox 273 3068 324 3121; x_wconf 87' lang='lat' dir='ltr'>‘ein</span> <span class='ocrx_word' id='word_1_241' title='bbox 343 3068 440 3121; x_wconf 84' lang='lat' dir='ltr'>Cesetz</span> <span class='ocrx_word' id='word_1_242' title='bbox 458 3068 580 3121; x_wconf 81' lang='lat' dir='ltr'>C‘aisars’:</span> <span class='ocrx_word' id='word_1_243' title='bbox 607 3085 640 3120; x_wconf 85' lang='lat' dir='ltr'>zu</span> <span class='ocrx_word' id='word_1_244' title='bbox 663 3085 706 3135; x_wconf 88' lang='lat' dir='ltr'>ep.</span> <span class='ocrx_word' id='word_1_245' title='bbox 748 3068 1003 3137; x_wconf 78' lang='lat' dir='ltr'>dungvergessend,</span> <span class='ocrx_word' id='word_1_246' title='bbox 1015 3069 1064 3121; x_wconf 80' lang='lat' dir='ltr'>das</span> <span class='ocrx_word' id='word_1_247' title='bbox 1075 3071 1132 3122; x_wconf 92' lang='lat' dir='ltr'>ihm</span> <span class='ocrx_word' id='word_1_248' title='bbox 1144 3071 1200 3123; x_wconf 79' lang='lat' dir='ltr'>alal</span> 
     </span>
     <span class='ocr_line' id='line_1_29' title="bbox 124 3149 1200 3220; baseline -0.003 -15"><span class='ocrx_word' id='word_1_249' title='bbox 124 3155 180 3218; x_wconf 89' lang='grc'><strong>130,</strong></span> <span class='ocrx_word' id='word_1_250' title='bbox 197 3155 222 3204; x_wconf 83' lang='grc'>7.</span> <span class='ocrx_word' id='word_1_251' title='bbox 243 3181 268 3188; x_wconf 91' lang='grc'>--</span> <span class='ocrx_word' id='word_1_252' title='bbox 288 3149 373 3219; x_wconf 79' lang='lat' dir='ltr'>cuias]</span> <span class='ocrx_word' id='word_1_253' title='bbox 392 3151 442 3204; x_wconf 85' lang='lat' dir='ltr'>auf</span> <span class='ocrx_word' id='word_1_254' title='bbox 455 3151 706 3218; x_wconf 76' lang='lat' dir='ltr'>lepezubeziehen:</span> <span class='ocrx_word' id='word_1_255' title='bbox 748 3152 817 3220; x_wconf 83' lang='lat' dir='ltr'>griff</span> <span class='ocrx_word' id='word_1_256' title='bbox 841 3152 1078 3206; x_wconf 86' lang='lat' dir='ltr'>vorsehwebende</span> <span class='ocrx_word' id='word_1_257' title='bbox 1106 3157 1200 3207; x_wconf 72' lang='lat' dir='ltr'>cimam</span> 
     </span>
     <span class='ocr_line' id='line_1_30' title="bbox 122 3234 1200 3291; baseline 0.005 -5"><span class='ocrx_word' id='word_1_258' title='bbox 122 3234 192 3288; x_wconf 80' lang='lat' dir='ltr'>‘dem</span> <span class='ocrx_word' id='word_1_259' title='bbox 211 3235 250 3288; x_wconf 90' lang='lat' dir='ltr'>sie</span> <span class='ocrx_word' id='word_1_260' title='bbox 268 3252 296 3287; x_wconf 87' lang='lat' dir='ltr'>es</span> <span class='ocrx_word' id='word_1_261' title='bbox 314 3253 347 3287; x_wconf 85' lang='lat' dir='ltr'>zu</span> <span class='ocrx_word' id='word_1_262' title='bbox 367 3234 523 3289; x_wconf 84' lang='lat' dir='ltr'>verdanken</span> <span class='ocrx_word' id='word_1_263' title='bbox 542 3235 659 3287; x_wconf 86' lang='lat' dir='ltr'>hatten’.</span> <span class='ocrx_word' id='word_1_264' title='bbox 675 3263 705 3270; x_wconf 90' lang='lat'>-</span> <span class='ocrx_word' id='word_1_265' title='bbox 750 3236 923 3288; x_wconf 84' lang='lat' dir='ltr'>voranstellt.</span> <span class='ocrx_word' id='word_1_266' title='bbox 947 3263 980 3272; x_wconf 94' lang='lat'>—</span> <span class='ocrx_word' id='word_1_267' title='bbox 1005 3238 1200 3291; x_wconf 75' lang='lat' dir='ltr'>isti...auctorr</span> 
     </span>
     <span class='ocr_line' id='line_1_31' title="bbox 121 3317 1200 3386; baseline 0.005 -19"><span class='ocrx_word' id='word_1_268' title='bbox 121 3329 303 3370; x_wconf 75' lang='lat' dir='ltr'>remanserant</span> <span class='ocrx_word' id='word_1_269' title='bbox 330 3320 357 3369; x_wconf 85' lang='lat' dir='ltr'>ia</span> <span class='ocrx_word' id='word_1_270' title='bbox 383 3317 491 3386; x_wconf 66' lang='lat' dir='ltr'>deitate]</span> <span class='ocrx_word' id='word_1_271' title='bbox 509 3318 539 3369; x_wconf 89' lang='lat' dir='ltr'>in</span> <span class='ocrx_word' id='word_1_272' title='bbox 558 3317 644 3370; x_wconf 89' lang='lat' dir='ltr'>Rom:</span> <span class='ocrx_word' id='word_1_273' title='bbox 670 3318 706 3370; x_wconf 87' lang='lat' dir='ltr'>da</span> <span class='ocrx_word' id='word_1_274' title='bbox 748 3319 1022 3372; x_wconf 77' lang='lat' dir='ltr'>Freiheitsmlinner:</span> <span class='ocrx_word' id='word_1_275' title='bbox 1040 3320 1105 3373; x_wconf 88' lang='lat' dir='ltr'>eine</span> <span class='ocrx_word' id='word_1_276' title='bbox 1117 3321 1200 3373; x_wconf 85' lang='lat' dir='ltr'>Ironie</span> 
     </span>
     <span class='ocr_line' id='line_1_32' title="bbox 121 3399 1200 3469; baseline 0 -16"><span class='ocrx_word' id='word_1_277' title='bbox 121 3400 161 3454; x_wconf 85' lang='lat' dir='ltr'>sie</span> <span class='ocrx_word' id='word_1_278' title='bbox 186 3418 215 3453; x_wconf 88' lang='lat' dir='ltr'>es</span> <span class='ocrx_word' id='word_1_279' title='bbox 242 3406 319 3453; x_wconf 81' lang='lat' dir='ltr'>sonet</span> <span class='ocrx_word' id='word_1_280' title='bbox 345 3401 419 3453; x_wconf 86' lang='lat' dir='ltr'>ihrer</span> <span class='ocrx_word' id='word_1_281' title='bbox 445 3399 582 3454; x_wconf 87' lang='lat' dir='ltr'>Sohulden</span> <span class='ocrx_word' id='word_1_282' title='bbox 610 3418 706 3469; x_wconf 84' lang='lat' dir='ltr'>wegen</span> <span class='ocrx_word' id='word_1_283' title='bbox 748 3402 853 3455; x_wconf 86' lang='lat' dir='ltr'>Matius</span> <span class='ocrx_word' id='word_1_284' title='bbox 887 3401 984 3454; x_wconf 89' lang='lat' dir='ltr'>keiner</span> <span class='ocrx_word' id='word_1_285' title='bbox 1012 3403 1145 3456; x_wconf 83' lang='lat' dir='ltr'>welteren</span> <span class='ocrx_word' id='word_1_286' title='bbox 1172 3403 1200 3456; x_wconf 83' lang='lat' dir='ltr'>Er</span> 
     </span>
     <span class='ocr_line' id='line_1_33' title="bbox 124 3484 1192 3552; baseline 0.003 -16"><span class='ocrx_word' id='word_1_287' title='bbox 124 3484 224 3536; x_wconf 75' lang='lat' dir='ltr'>hatten</span> <span class='ocrx_word' id='word_1_288' title='bbox 243 3484 381 3536; x_wconf 85' lang='lat' dir='ltr'>verlassen</span> <span class='ocrx_word' id='word_1_289' title='bbox 400 3488 518 3536; x_wconf 85' lang='lat' dir='ltr'>miiseen.</span> <span class='ocrx_word' id='word_1_290' title='bbox 748 3486 861 3552; x_wconf 84' lang='lat' dir='ltr'>bedarf;</span> <span class='ocrx_word' id='word_1_291' title='bbox 879 3495 907 3537; x_wconf 77' lang='lat' dir='ltr'>ut</span> <span class='ocrx_word' id='word_1_292' title='bbox 983 3487 1104 3538; x_wconf 75' lang='lat' dir='ltr'>dictitant</span> <span class='ocrx_word' id='word_1_293' title='bbox 1121 3488 1192 3539; x_wconf 84' lang='lat' dir='ltr'>kann</span> 
     </span>
     <span class='ocr_line' id='line_1_34' title="bbox 156 3565 1200 3637; baseline 0.003 -17"><span class='ocrx_word' id='word_1_294' title='bbox 156 3570 179 3620; x_wconf 85' lang='lat'>3.</span> <span class='ocrx_word' id='word_1_295' title='bbox 197 3565 247 3635; x_wconf 82' lang='lat' dir='ltr'>illi]</span> <span class='ocrx_word' id='word_1_296' title='bbox 275 3567 359 3619; x_wconf 88' lang='lat' dir='ltr'>Dativ</span> <span class='ocrx_word' id='word_1_297' title='bbox 386 3566 525 3635; x_wconf 80' lang='lat' dir='ltr'>(Caesari).</span> <span class='ocrx_word' id='word_1_298' title='bbox 560 3566 706 3620; x_wconf 84' lang='lat' dir='ltr'>Disselben</span> <span class='ocrx_word' id='word_1_299' title='bbox 748 3570 797 3622; x_wconf 85' lang='lat' dir='ltr'>das</span> <span class='ocrx_word' id='word_1_300' title='bbox 824 3569 952 3637; x_wconf 85' lang='lat' dir='ltr'>folgeude</span> <span class='ocrx_word' id='word_1_301' title='bbox 986 3580 1056 3622; x_wconf 68' lang='lat' dir='ltr'>maa</span> <span class='ocrx_word' id='word_1_302' title='bbox 1083 3573 1153 3623; x_wconf 79' lang='lat' dir='ltr'>achis</span> <span class='ocrx_word' id='word_1_303' title='bbox 1184 3588 1200 3622; x_wconf 80' lang='lat' dir='ltr'>a</span> 
     </span>
     <span class='ocr_line' id='line_1_35' title="bbox 122 3650 1200 3720; baseline 0 -17"><span class='ocrx_word' id='word_1_304' title='bbox 122 3650 291 3717; x_wconf 86' lang='lat' dir='ltr'>Menscheu,</span> <span class='ocrx_word' id='word_1_305' title='bbox 321 3650 423 3703; x_wconf 88' lang='lat' dir='ltr'>welche</span> <span class='ocrx_word' id='word_1_306' title='bbox 450 3650 534 3703; x_wconf 82' lang='lat' dir='ltr'>Cliear</span> <span class='ocrx_word' id='word_1_307' title='bbox 559 3652 707 3705; x_wconf 85' lang='lat' dir='ltr'>versehont</span> <span class='ocrx_word' id='word_1_308' title='bbox 748 3663 876 3706; x_wconf 77' lang='lat' dir='ltr'>conantur</span> <span class='ocrx_word' id='word_1_309' title='bbox 894 3653 985 3720; x_wconf 82' lang='lat' dir='ltr'>gehn:</span> <span class='ocrx_word' id='word_1_310' title='bbox 1012 3669 1041 3706; x_wconf 85' lang='lat' dir='ltr'>es</span> <span class='ocrx_word' id='word_1_311' title='bbox 1063 3655 1101 3706; x_wconf 85' lang='lat' dir='ltr'>ist</span> <span class='ocrx_word' id='word_1_312' title='bbox 1119 3654 1167 3707; x_wconf 88' lang='lat' dir='ltr'>der</span> <span class='ocrx_word' id='word_1_313' title='bbox 1181 3656 1200 3705; x_wconf 86' lang='lat' dir='ltr'>ol</span> 
     </span>
     <span class='ocr_line' id='line_1_36' title="bbox 122 3731 1198 3805; baseline 0.003 -19"><span class='ocrx_word' id='word_1_314' title='bbox 122 3735 210 3799; x_wconf 86' lang='lat' dir='ltr'>hatte,</span> <span class='ocrx_word' id='word_1_315' title='bbox 235 3731 325 3785; x_wconf 86' lang='lat' dir='ltr'>haben</span> <span class='ocrx_word' id='word_1_316' title='bbox 353 3733 411 3784; x_wconf 92' lang='lat' dir='ltr'>ihm</span> <span class='ocrx_word' id='word_1_317' title='bbox 429 3733 498 3787; x_wconf 88' lang='lat' dir='ltr'>Neid</span> <span class='ocrx_word' id='word_1_318' title='bbox 517 3734 575 3786; x_wconf 88' lang='lat' dir='ltr'>und</span> <span class='ocrx_word' id='word_1_319' title='bbox 593 3735 707 3787; x_wconf 78' lang='lat' dir='ltr'>Anlein·</span> <span class='ocrx_word' id='word_1_320' title='bbox 748 3735 1151 3804; x_wconf 80' lang='lat' dir='ltr'>gespracheneTerrorismus3</span> <span class='ocrx_word' id='word_1_321' title='bbox 1168 3754 1198 3805; x_wconf 81' lang='lat' dir='ltr'>vg</span> 
     </span>
     <span class='ocr_line' id='line_1_37' title="bbox 122 3815 1200 3886; baseline 0.004 -16"><span class='ocrx_word' id='word_1_322' title='bbox 122 3818 200 3885; x_wconf 80' lang='lat' dir='ltr'>dung</span> <span class='ocrx_word' id='word_1_323' title='bbox 218 3815 274 3881; x_wconf 78' lang='lat' dir='ltr'>(bei</span> <span class='ocrx_word' id='word_1_324' title='bbox 300 3818 390 3869; x_wconf 88' lang='lat' dir='ltr'>seiner</span> <span class='ocrx_word' id='word_1_325' title='bbox 417 3816 521 3882; x_wconf 83' lang='lat' dir='ltr'>Pertei)</span> <span class='ocrx_word' id='word_1_326' title='bbox 546 3818 605 3872; x_wconf 93' lang='lat' dir='ltr'>und</span> <span class='ocrx_word' id='word_1_327' title='bbox 631 3818 706 3871; x_wconf 85' lang='lat' dir='ltr'>daun</span> <span class='ocrx_word' id='word_1_328' title='bbox 744 3821 819 3886; x_wconf 83' lang='lat' dir='ltr'>faire</span> <span class='ocrx_word' id='word_1_329' title='bbox 843 3838 912 3886; x_wconf 75' lang='lat' dir='ltr'>pour</span> <span class='ocrx_word' id='word_1_330' title='bbox 929 3837 984 3871; x_wconf 75' lang='lat' dir='ltr'>aaa</span> <span class='ocrx_word' id='word_1_331' title='bbox 1010 3822 1200 3874; x_wconf 62' lang='lat' dir='ltr'>aristoma-</span> 
     </span>
     <span class='ocr_line' id='line_1_38' title="bbox 122 3898 1200 3970; baseline 0 -16"><span class='ocrx_word' id='word_1_332' title='bbox 122 3901 175 3954; x_wconf 91' lang='lat' dir='ltr'>den</span> <span class='ocrx_word' id='word_1_333' title='bbox 193 3899 251 3953; x_wconf 93' lang='lat' dir='ltr'>Tod</span> <span class='ocrx_word' id='word_1_334' title='bbox 268 3898 411 3966; x_wconf 81' lang='lat' dir='ltr'>gebracht.</span> <span class='ocrx_word' id='word_1_335' title='bbox 429 3927 461 3935; x_wconf 93' lang='lat'><em>—</em></span> <span class='ocrx_word' id='word_1_336' title='bbox 478 3902 506 3953; x_wconf 80' lang='lat' dir='ltr'>ia</span> <span class='ocrx_word' id='word_1_337' title='bbox 517 3904 641 3967; x_wconf 77' lang='lat' dir='ltr'>facinore</span> <span class='ocrx_word' id='word_1_338' title='bbox 656 3905 707 3970; x_wconf 74' lang='lat' dir='ltr'>qlo-</span> <span class='ocrx_word' id='word_1_339' title='bbox 749 3902 798 3955; x_wconf 89' lang='lat' dir='ltr'>der</span> <span class='ocrx_word' id='word_1_340' title='bbox 819 3901 887 3955; x_wconf 89' lang='lat' dir='ltr'>Sinn</span> <span class='ocrx_word' id='word_1_341' title='bbox 905 3903 1017 3969; x_wconf 83' lang='lat' dir='ltr'>ergiebt</span> <span class='ocrx_word' id='word_1_342' title='bbox 1045 3905 1103 3957; x_wconf 88' lang='lat' dir='ltr'>sich</span> <span class='ocrx_word' id='word_1_343' title='bbox 1131 3902 1200 3957; x_wconf 78' lang='lat' dir='ltr'>ausd</span> 
     </span>
     <span class='ocr_line' id='line_1_39' title="bbox 121 3982 1199 4054; baseline 0 -17"><span class='ocrx_word' id='word_1_344' title='bbox 121 3982 198 4051; x_wconf 72' lang='lat' dir='ltr'>riori]</span> <span class='ocrx_word' id='word_1_345' title='bbox 216 4001 250 4035; x_wconf 81' lang='lat' dir='ltr'>zu</span> <span class='ocrx_word' id='word_1_346' title='bbox 268 3999 311 4048; x_wconf 88' lang='lat' dir='ltr'>ep.</span> <span class='ocrx_word' id='word_1_347' title='bbox 330 3984 386 4047; x_wconf 90' lang='grc'><strong>109,</strong></span> <span class='ocrx_word' id='word_1_348' title='bbox 407 3984 432 4034; x_wconf 84' lang='grc'>4.</span> <span class='ocrx_word' id='word_1_349' title='bbox 450 4011 482 4019; x_wconf 94' lang='grc'><strong>-</strong></span> <span class='ocrx_word' id='word_1_350' title='bbox 499 3985 632 4051; x_wconf 78' lang='lat' dir='ltr'>impunite]</span> <span class='ocrx_word' id='word_1_351' title='bbox 657 3986 708 4038; x_wconf 86' lang='lat' dir='ltr'>sel·</span> <span class='ocrx_word' id='word_1_352' title='bbox 749 3985 873 4053; x_wconf 80' lang='lat' dir='ltr'>gendes:</span> <span class='ocrx_word' id='word_1_353' title='bbox 901 3986 952 4038; x_wconf 78' lang='lat' dir='ltr'>see</span> <span class='ocrx_word' id='word_1_354' title='bbox 969 3988 1039 4039; x_wconf 75' lang='lat' dir='ltr'>nihil</span> <span class='ocrx_word' id='word_1_355' title='bbox 1056 3998 1144 4054; x_wconf 63' lang='lat' dir='ltr'>want,</span> <span class='ocrx_word' id='word_1_356' title='bbox 1167 3987 1199 4038; x_wconf 86' lang='lat' dir='ltr'>sie</span> 
     </span>
     <span class='ocr_line' id='line_1_40' title="bbox 122 4065 1198 4132; baseline 0.001 -11"><span class='ocrx_word' id='word_1_357' title='bbox 122 4074 196 4131; x_wconf 84' lang='lat' dir='ltr'>tene,</span> <span class='ocrx_word' id='word_1_358' title='bbox 222 4065 267 4118; x_wconf 89' lang='lat' dir='ltr'>bei</span> <span class='ocrx_word' id='word_1_359' title='bbox 287 4065 379 4118; x_wconf 88' lang='lat' dir='ltr'>Cicero</span> <span class='ocrx_word' id='word_1_360' title='bbox 408 4082 462 4117; x_wconf 90' lang='lat' dir='ltr'>nur</span> <span class='ocrx_word' id='word_1_361' title='bbox 488 4067 522 4119; x_wconf 92' lang='lat' dir='ltr'>de</span> <span class='ocrx_word' id='word_1_362' title='bbox 539 4068 585 4120; x_wconf 89' lang='lat' dir='ltr'>fin.</span> <span class='ocrx_word' id='word_1_363' title='bbox 613 4069 648 4130; x_wconf 88' lang='lat'>11,</span> <span class='ocrx_word' id='word_1_364' title='bbox 676 4070 708 4121; x_wconf 85' lang='lat'>59</span> <span class='ocrx_word' id='word_1_365' title='bbox 750 4067 842 4119; x_wconf 87' lang='lat' dir='ltr'>nichts</span> <span class='ocrx_word' id='word_1_366' title='bbox 870 4085 935 4132; x_wconf 85' lang='lat' dir='ltr'>uus,</span> <span class='ocrx_word' id='word_1_367' title='bbox 961 4071 1105 4126; x_wconf 84' lang='lat' dir='ltr'>erreiehen</span> <span class='ocrx_word' id='word_1_368' title='bbox 1131 4072 1198 4123; x_wconf 84' lang='lat' dir='ltr'>ihren</span> 
     </span>
     <span class='ocr_line' id='line_1_41' title="bbox 121 4148 836 4208; baseline -0.006 -1"><span class='ocrx_word' id='word_1_369' title='bbox 121 4149 339 4208; x_wconf 86' lang='lat' dir='ltr'>vorkommende</span> <span class='ocrx_word' id='word_1_370' title='bbox 374 4148 455 4202; x_wconf 84' lang='lat' dir='ltr'>Form</span> <span class='ocrx_word' id='word_1_371' title='bbox 499 4151 546 4202; x_wconf 88' lang='lat' dir='ltr'>des</span> <span class='ocrx_word' id='word_1_372' title='bbox 581 4150 708 4204; x_wconf 83' lang='lat' dir='ltr'>Adverbs</span> <span class='ocrx_word' id='word_1_373' title='bbox 751 4150 836 4203; x_wconf 90' lang='lat' dir='ltr'>nicht.</span> 
     </span>
     <span class='ocr_line' id='line_1_42' title="bbox 77 4233 1200 4304; baseline -0.006 -14"><span class='ocrx_word' id='word_1_374' title='bbox 77 4240 194 4295; x_wconf 50' lang='lat' dir='ltr'>aestate</span> <span class='ocrx_word' id='word_1_375' title='bbox 220 4236 269 4289; x_wconf 90' lang='lat' dir='ltr'>des</span> <span class='ocrx_word' id='word_1_376' title='bbox 299 4233 509 4301; x_wconf 78' lang='lat' dir='ltr'>gewdhnliohen</span> <span class='ocrx_word' id='word_1_377' title='bbox 526 4235 639 4300; x_wconf 75' lang='lat' dir='ltr'>impune.</span> <span class='ocrx_word' id='word_1_378' title='bbox 675 4262 708 4270; x_wconf 95' lang='lat'>—</span> <span class='ocrx_word' id='word_1_379' title='bbox 783 4237 807 4288; x_wconf 84' lang='lat'>4.</span> <span class='ocrx_word' id='word_1_380' title='bbox 826 4253 876 4288; x_wconf 81' lang='lat' dir='ltr'>esse</span> <span class='ocrx_word' id='word_1_381' title='bbox 893 4234 1026 4304; x_wconf 81' lang='lat' dir='ltr'>acerbam]</span> <span class='ocrx_word' id='word_1_382' title='bbox 1057 4237 1110 4291; x_wconf 86' lang='lat' dir='ltr'>‘ein</span> <span class='ocrx_word' id='word_1_383' title='bbox 1128 4235 1200 4289; x_wconf 77' lang='lat' dir='ltr'>schroc</span> 
     </span>
     <span class='ocr_line' id='line_1_43' title="bbox 76 4310 1200 4389; baseline 0.006 -26"><span class='ocrx_word' id='word_1_384' title='bbox 76 4310 136 4364; x_wconf 84' lang='lat' dir='ltr'>dies</span> <span class='ocrx_word' id='word_1_385' title='bbox 155 4317 236 4388; x_wconf 59' lang='lat' dir='ltr'>,saed</span> <span class='ocrx_word' id='word_1_386' title='bbox 255 4315 710 4370; x_wconf 78' lang='lat' dir='ltr'>‘aberichmeinedoch’.-cime·</span> <span class='ocrx_word' id='word_1_387' title='bbox 752 4318 852 4371; x_wconf 85' lang='lat' dir='ltr'>Geliihl</span> <span class='ocrx_word' id='word_1_388' title='bbox 871 4321 985 4386; x_wconf 82' lang='lat' dir='ltr'>errege&#39;.</span> <span class='ocrx_word' id='word_1_389' title='bbox 1021 4349 1057 4358; x_wconf 95' lang='lat'><strong>—</strong></span> <span class='ocrx_word' id='word_1_390' title='bbox 1087 4338 1136 4389; x_wconf 74' lang='lat' dir='ltr'>pro</span> <span class='ocrx_word' id='word_1_391' title='bbox 1158 4316 1200 4370; x_wconf 77' lang='lat' dir='ltr'>sicil</span> 
     </span>
     <span class='ocr_line' id='line_1_44' title="bbox 76 4398 1200 4471; baseline 0.003 -21"><span class='ocrx_word' id='word_1_392' title='bbox 76 4398 168 4452; x_wconf 83' lang='lat' dir='ltr'>dauon</span> <span class='ocrx_word' id='word_1_393' title='bbox 193 4402 357 4466; x_wconf 54' lang='lat' dir='ltr'>gauderent,</span> <span class='ocrx_word' id='word_1_394' title='bbox 374 4399 497 4467; x_wconf 78' lang='lat' dir='ltr'>dolerent]</span> <span class='ocrx_word' id='word_1_395' title='bbox 518 4399 611 4454; x_wconf 87' lang='lat' dir='ltr'>Cicero</span> <span class='ocrx_word' id='word_1_396' title='bbox 628 4399 710 4453; x_wconf 83' lang='lat' dir='ltr'>hiitte</span> <span class='ocrx_word' id='word_1_397' title='bbox 753 4400 815 4467; x_wconf 81' lang='lat' dir='ltr'>(wie</span> <span class='ocrx_word' id='word_1_398' title='bbox 833 4404 911 4453; x_wconf 86' lang='lat' dir='ltr'>sonst</span> <span class='ocrx_word' id='word_1_399' title='bbox 931 4420 984 4469; x_wconf 80' lang='lat' dir='ltr'>pro</span> <span class='ocrx_word' id='word_1_400' title='bbox 1008 4406 1082 4457; x_wconf 76' lang='lat' dir='ltr'>virili</span> <span class='ocrx_word' id='word_1_401' title='bbox 1104 4410 1200 4471; x_wconf 69' lang='lat' dir='ltr'>pareo</span> 
     </span>
     <span class='ocr_line' id='line_1_45' title="bbox 61 4477 1200 4556; baseline 0.003 -18"><span class='ocrx_word' id='word_1_402' title='bbox 61 4503 103 4539; x_wconf 70' lang='lat' dir='ltr'>au</span> <span class='ocrx_word' id='word_1_403' title='bbox 121 4502 166 4555; x_wconf 86' lang='lat' dir='ltr'>ep.</span> <span class='ocrx_word' id='word_1_404' title='bbox 187 4484 262 4551; x_wconf 65' lang='lat' dir='ltr'>dhar</span> <span class='ocrx_word' id='word_1_405' title='bbox 279 4486 399 4540; x_wconf 72' lang='lat' dir='ltr'>timerent</span> <span class='ocrx_word' id='word_1_406' title='bbox 420 4482 494 4539; x_wconf 88' lang='lat' dir='ltr'>noch</span> <span class='ocrx_word' id='word_1_407' title='bbox 519 4483 567 4539; x_wconf 87' lang='lat' dir='ltr'>ein</span> <span class='ocrx_word' id='word_1_408' title='bbox 587 4481 712 4537; x_wconf 72' lang='lat' dir='ltr'>Verbum</span> <span class='ocrx_word' id='word_1_409' title='bbox 754 4483 813 4550; x_wconf 84' lang='grc'>138)</span> <span class='ocrx_word' id='word_1_410' title='bbox 830 4484 911 4538; x_wconf 82' lang='lat' dir='ltr'>‘nauh</span> <span class='ocrx_word' id='word_1_411' title='bbox 937 4486 1048 4541; x_wconf 88' lang='lat' dir='ltr'>meiner</span> <span class='ocrx_word' id='word_1_412' title='bbox 1065 4477 1200 4556; x_wconf 69' lang='lat' dir='ltr'>augenti</span> 
     </span>
    </p>
   </div>
   <div class='ocr_carea' id='block_1_4' title="bbox 0 0 1307 4890">
    <p class='ocr_par' dir='ltr' id='par_1_7' title="bbox 0 0 1307 4890">
     <span class='ocr_line' id='line_1_46' title="bbox 0 0 1307 4890; baseline 0 0"><span class='ocrx_word' id='word_1_413' title='bbox 0 0 1307 4890; x_wconf 95' lang='lat' dir='ltr'> </span> 
     </span>
    </p>
   </div>
  </div>
 </body>
</html>
