2602 4890
169 186 230 249 328
649 185 694 239 Ad
711 185 777 240 fam.
794 185 842 253 IX,
862 187 901 241 16.
1256 188 1291 259 [Ε

168 371 269 434 quam
300 350 494 435 tyrotarichi
523 351 695 435 patinam?
724 352 884 418 facilitate
913 373 986 418 mea
1006 352 1070 419 ista
1097 353 1289 421 ferebantur

169 457 241 531 tea3
263 460 349 517 nune
369 457 498 517 mutata
519 471 571 517 res
592 457 655 518 est:
699 451 844 517 Hirtium
868 472 927 536 ego
954 458 988 519 et
1014 453 1226 520 Dolabellam
1251 456 1291 521 dir

169 551 345 634 discipulos
367 550 482 632 habeo,
513 550 648 618 cenandi
677 553 871 636 magistrum
901 557 982 635 puto
1009 553 1094 618 enim
1120 561 1155 621 te
1181 556 1290 621 audias

169 652 252 718 forte
274 650 392 718 advos
418 652 527 717 omnia
552 652 770 735 perferuntur,
802 651 875 718 illos
900 652 986 736 apud
1003 673 1054 718 ms
1080 653 1290 722 declamitare

168 751 257 836 apud
274 752 347 818 illos
365 753 515 818 renitere.
557 751 607 816 Tu
630 758 739 818 autem
760 753 849 837 quod
870 752 950 817 mihi
972 753 1091 821 bonam
1113 755 1242 838 copiam
1265 760 1291 821 ei

169 853 250 917 nihil
271 859 347 932 este
370 859 440 918 tum
471 854 564 932 enim,
586 873 659 918 oum
680 873 748 919 rem
769 853 920 933 habebas,
955 854 1164 937 quaesticulis
1186 862 1221 920 te
1242 857 1291 922 lac

169 953 393 1019 attentiorem:
416 974 511 1032 nuno,
542 974 615 1018 oum
642 961 710 1019 tam
733 975 837 1038 aequo
859 955 967 1021 animo
988 954 1076 1020 bona
1096 954 1226 1039 perdas,
1257 978 1291 1023 nr

169 1052 213 1117 sis
236 1053 378 1132 consilio,
402 1058 449 1132 ut,
481 1073 554 1117 oum
575 1073 626 1118 me
647 1052 787 1136 hospitio
808 1053 956 1136 recipias,
987 1053 1245 1120 aestimationem
1267 1066 1291 1120 te

169 1342 239 1395 lioh:
266 1358 332 1395 man
357 1344 489 1395 erwsrtet
515 1341 586 1395 naoh
608 1341 672 1395 dem
692 1340 754 1395 Fol·
794 1360 848 1394 ooo
863 1350 899 1395 est
915 1344 982 1396 item
1002 1368 1031 1378 -
1050 1343 1083 1394 A.
1106 1341 1222 1408 Hirtius,
1249 1342 1291 1396 der

169 1425 278 1493 genden
304 1425 358 1479 den
384 1425 492 1479 Nsmen
521 1425 598 1478 einer
616 1427 753 1494 geringen
795 1424 881 1479 lassor
897 1425 946 1479 des
965 1424 1139 1481 VIII.Buchs
1157 1428 1291 1479 debele

169 1509 262 1578 Speise
281 1508 378 1578 (daher
399 1510 437 1562 ist
462 1507 614 1577 horrigiert
640 1507 752 1562 worden
795 1525 854 1561 war
871 1507 977 1563 damsls
1004 1508 1117 1576 Priitor3
1144 1510 1179 1563 45
1205 1527 1291 1562 ware

164 1596 310 1661 pampiluna
328 1634 334 1647 .
354 1633 359 1646 .
378 1595 540 1661 ‚tiqunumz
558 1591 627 1645 doch
640 1591 695 1659 vgl.
709 1607 753 1658 ep.
795 1591 880 1644 Cissr
896 1591 927 1644 in
945 1590 1067 1660 Spanisn
1084 1592 1143 1646 und
1160 1591 1207 1647 fiel
1225 1593 1291 1646 slsh'

169 1679 210 1743 91,
227 1677 264 1744 4):
283 1678 346 1732 dass
364 1676 432 1730 swei
450 1676 538 1729 iiltere
554 1674 754 1729 Tisohlreunde
795 1675 829 1726 43
847 1673 892 1727 bei
909 1674 1028 1731 Mutina.
1048 1705 1077 1716 -
1095 1676 1221 1745 muitars]
1240 1694 1291 1730 aut

169 1759 276 1814 Ciceros
290 1760 415 1831 gemeint
432 1760 516 1826 seien,
532 1759 571 1813 ist
588 1758 632 1813 bei
650 1758 754 1814 diesem
795 1759 820 1811 2.
837 1785 871 1795 -
887 1760 980 1811 tortam
989 1762 1091 1828 sopiam
1098 1759 1195 1829 aures]
1203 1761 1290 1829 jurist

170 1845 415 1914 Zusammenhang
441 1844 525 1898 kaurn
551 1842 702 1911 glaublioh.
721 1874 753 1884 —
796 1842 957 1897 Ausdruok:
974 1844 1290 1911 zusohwiiren,dassdu

169 1927 330 1997 tyrotarichi]
365 1929 418 1982 mit
453 1928 557 1982 diesem
587 1926 752 1994 (einiaohen)
795 1924 1105 1996 zahlungsiiihigseist.
1127 1948 1238 1982 -cum
1264 1946 1291 1980 re

170 2011 300 2066 Geriohte
326 2029 374 2066 aus
400 2013 473 2066 Kiise
499 2008 601 2079 (τυρός)
629 2011 686 2065 und
709 2028 755 2080 ge·
795 2005 878 2075 taos]
905 2010 947 2062 als
972 2010 1010 2063 du
1035 2011 1106 2065 noch
1133 2012 1199 2065 dein
1226 2012 1291 2065 Veri

170 2096 297 2149 salzenen
306 2095 423 2150 Fischen
433 2093 567 2164 (τάριχον)
578 2094 638 2157 (das
648 2094 755 2163 Reoapt
796 2091 911 2146 hattest.
947 2094 1031 2147 Oisar
1048 2094 1128 2149 hatte
1146 2096 1215 2149 kurz
1233 2112 1291 2149 sust

170 2179 240 2232 dasu
264 2179 309 2233 bei
331 2180 446 2248 Apicius
463 2179 510 2245 IV,
526 2180 552 2246 2,
569 2183 632 2234 137:
655 2183 755 2247 patella
796 2173 1017 2230 Versohuldeten
1053 2177 1179 2232 daduroh
1209 2178 1291 2234 aufzu]

171 2263 338 2331 tyrotaricbc)
357 2262 464 2317 soheint
482 2263 575 2317 (licere
597 2263 650 2318 den
668 2264 754 2317 Piitus
796 2258 921 2327 gesuoht,
939 2260 1001 2314 dass
1019 2260 1064 2315 dis
1081 2264 1121 2315 im
1139 2261 1220 2317 Wert
1243 2266 1291 2315 stsr

170 2346 241 2400 such
259 2346 753 2415 sonatsufgezogenzuhabsnrdtt.
796 2343 940 2397 sunkenen
966 2343 1164 2400 Grundstiieke
1195 2345 1266 2400 nach

170 2430 243 2497 XIV,
263 2433 302 2484 16.
321 2434 334 2483 1
354 2431 403 2497 (im
420 2431 446 2484 J.
464 2431 519 2498 44):
545 2433 599 2499 ipse
624 2442 709 2486 autem
725 2450 753 2485 eo
795 2426 927 2481 fritheren
946 2425 1042 2482 Werte
1068 2428 1174 2497 (fierem
1198 2432 1291 2483 cestim

170 2516 211 2567 die
235 2517 264 2566 irs
290 2516 364 2568 Paeti
389 2518 470 2567 nostri
495 2517 681 2583 tyrotarichum
706 2517 752 2567 im·
795 2511 979 2577 possessam
996 2521 1020 2564 et
1041 2531 1138 2575 rerum,
1164 2517 1291 2581 qaamiqt

170 2599 304 2652 misellam.
325 2628 350 2636 -
368 2600 470 2652 dicendi
478 2597 624 2667 dicipulos]
641 2615 671 2652 er
685 2597 754 2652 hielt
795 2613 888 2647 earum
905 2605 965 2648 aute
981 2598 1076 2649 bellum
1091 2600 1188 2664 fuisset
1211 2597 1269 2651 Cis.
1283 2595 1291 2646 l

171 2681 224 2734 mit
246 2681 331 2735 ihnen
358 2682 416 2735 und
442 2681 547 2735 andern
574 2681 626 2734 wie
644 2681 753 2735 Cassius
796 2677 846 2742 ΙΙΙ,
865 2682 888 2744 1,
904 2677 932 2745 2)
951 2678 1201 2748 sbgesohbtztund
1220 2699 1248 2734 so
1265 2695 1291 2732 vo

171 2765 228 2819 und
246 2766 336 2819 Pansa
345 2751 484 2833 ilbungen
496 2765 535 2817 im
547 2763 642 2820 Reden
660 2764 754 2832 (declar
797 2761 968 2832 (iliiubigern
996 2781 1033 2816 an
1058 2763 1274 2833 Zahlungsststt

170 2848 280 2915 mitare),
306 2848 393 2902 daher
421 2851 560 2916 discipulos
585 2865 628 2915 ep.
654 2850 696 2913 91,
723 2852 754 2914 1;
797 2862 928 2900 nommen
955 2846 1067 2900 werden
1097 2858 1240 2915 mussten3
1277 2844 1291 2897 S

171 2935 227 3002 vgl.
254 2933 350 2986 seinen
376 2931 475 2986 ssherz
510 2931 556 2985 bei
581 2931 692 2986 Sueton.
720 2932 754 2986 de
796 2929 855 2983 cas.
873 2931 922 2997 423
949 2929 1036 2983 daher
1061 2933 1159 2998 spiiter
1185 2934 1291 2985 aestimat

171 3018 275 3071 rhetor.
303 3021 333 3070 l:
359 3019 424 3069 duos
447 3017 558 3083 maridis
579 3025 755 3083 praecatores
796 3016 911 3081 accipere
928 3013 973 3065 ein
988 3014 1264 3082 abgesohiitztesGut
1280 3010 1291 3077 (ε

171 3101 289 3168 (Hirtius
307 3101 366 3154 und
383 3098 483 3166 Pansa)
501 3101 539 3151 ait
559 3117 644 3152 secum
672 3101 755 3152 decla·
797 3100 838 3163 91,
850 3096 876 3163 4)
888 3114 925 3150 an
939 3096 1158 3166 Zahlungsstatt
1176 3099 1291 3152 nahmen

171 3188 263 3238 mirare
280 3187 369 3251 solitos,
387 3184 446 3236 und
464 3200 499 3235 sn
514 3182 677 3237 Volumnius
689 3183 755 3237 iam.
797 3200 875 3249 quam
888 3183 910 3233 si
922 3180 997 3247 (eie.)
1007 3200 1131 3249 maqaum
1140 3184 1245 3250 aliquod
1260 3181 1289 3232 da

172 3268 375 3334 VII,33,lund
392 3270 425 3320 2:
445 3269 519 3332 Quod
533 3268 757 3319 mclcmotiraibus
798 3268 914 3319 dirimet:
942 3264 1096 3319 Manutius.
1149 3264 1183 3318 So
1210 3266 1284 3318 hatte

171 3354 264 3404 uostris
280 3370 359 3418 cares,
377 3353 469 3404 domm
486 3353 551 3402 nibil
563 3352 638 3417 facis
651 3389 657 3402 .
672 3390 678 3402 .
693 3389 699 3402 .
714 3368 756 3417 eqo
799 3349 885 3402 Piltus
921 3348 1051 3402 Verluste
1095 3349 1211 3403 erlitten
1249 3344 1291 3400 uni

172 3454 231 3488 uero
248 3437 356 3487 mrdtam
382 3437 532 3487 salutemet
549 3434 613 3500 foro
630 3434 717 3486 dicem
734 3443 757 3486 et
800 3432 915 3487 Seherze
933 3431 1125 3501 geschrieben‚
1142 3449 1172 3486 er
1190 3433 1230 3485 ssi
1249 3430 1291 3484 viil]

172 3521 259 3572 curiae
276 3521 411 3586 vivamque
436 3528 516 3572 tecum
534 3520 643 3569 maltum
660 3527 682 3570 ct
698 3535 758 3569 cum
800 3517 914 3570 Grunde
948 3515 1086 3584 gerichtet
1114 3515 1172 3568 und
1207 3519 1291 3569 miisse

173 3606 344 3658 communibus
361 3605 456 3654 uostris
467 3604 639 3654 amawribus:
658 3621 721 3654 acm
735 3613 759 3655 et
801 3600 864 3653 sehr
882 3600 1050 3669 eingezogen
1069 3598 1160 3652 leben.
1173 3627 1207 3636 -
1219 3608 1291 3652 atterit

176 3689 278 3741 Cassius
303 3697 363 3739 tuas
388 3697 412 3739 et
440 3687 577 3738 Dolabella
602 3696 693 3747 moster,
719 3689 759 3740 uel
801 3682 935 3738 verbinde
960 3693 982 3736 te
1007 3684 1125 3749 faciebat
1157 3683 1286 3750 (nitmlioh

168 3775 257 3841 potius
291 3781 397 3838 uterque
425 3779 520 3835 mater,
551 3771 641 3823 studiis
680 3772 759 3824 isdem
800 3778 845 3820 att.
872 3769 1052 3836 quaesticulis;
1079 3777 1192 3820 absumus
1210 3808 1217 3822 .
1235 3808 1242 3820 .
1259 3768 1291 3819 ‚o‘

173 3867 293 3909 tenentum
318 3864 341 3908 et
367 3855 430 3906 meis
464 3855 621 3920 aequissimis
649 3864 759 3907 uturum
800 3853 845 3919 qui
868 3869 965 3918 parcus
991 3861 1026 3902 est
1052 3860 1076 3902 et
1103 3853 1214 3918 diliqsrss
1241 3853 1267 3903 iu
1289 3876 1291 3883 ·

174 3942 288 3992 auritum
331 3927 433 4005 Spiiter
459 3935 567 3989 freilioh
595 3939 704 3989 iussert
730 3952 760 3989 er
802 3936 921 4002 auqsoda
946 3936 986 3986 uel
1011 3936 1191 3986 conservanda
1213 3935 1291 3995 (Man

174 4023 232 4077 sich
250 4022 365 4075 andere:
394 4021 453 4072 Att.
471 4019 544 4084 XIV,
572 4023 612 4085 12,
637 4022 653 4072 2
677 4018 757 4087 (nach
802 4016 867 4070 Hor.
885 4016 938 4084 Ep.
956 4017 977 4082 Ι,
1000 4022 1023 4082 7,
1041 4019 1089 4070 91:
1116 4020 1209 4084 durus,
1227 4022 1270 4083 ait,

174 4107 272 4160 Cisars
305 4103 503 4172 Ermordung):
538 4105 612 4156 bcuel
638 4122 696 4156 cmc
721 4107 760 4156 sel
802 4103 879 4153 mimis
897 4109 1056 4168 amarasque
1073 4104 1168 4154 uideris
1187 4121 1239 4156 esse
1255 4104 1291 4153 mi

173 4194 217 4243 bes
235 4192 383 4256 dssiqams,
400 4190 445 4256 qui
462 4189 539 4240 etiam
556 4188 704 4239 declamare
721 4205 761 4239 me
803 4184 860 4238 Sat.
879 4184 914 4250 11,
940 4185 965 4248 6,
987 4185 1032 4237 82:
1059 4183 1125 4252 (von
1152 4185 1203 4239 der
1220 4185 1291 4240 hand

174 4282 315 4342 cotqerunt,
340 4283 370 4325 ut
394 4290 426 4325 m
452 4273 526 4339 apud
551 4287 633 4338 aquas
658 4272 761 4339 quidem
803 4288 880 4337 asper
897 4278 921 4322 et
937 4279 1047 4322 adsutus
1059 4272 1187 4337 minuitis,
1206 4282 1235 4322 ut
1251 4281 1291 4323 tar

175 4361 331 4426 acquiescere
348 4358 452 4417 liceret,·
470 4356 515 4408 sed
531 4357 576 4407 boc
586 4356 761 4407 macerrimiae
803 4363 858 4405 tum
874 4356 980 4406 solveret
995 4356 1110 4421 hospitiis
1128 4357 1257 4423 animum,
1272 4370 1291 4404 w

164 4443 395 4510 semirutarum
411 4440 440 4491 id
457 4448 514 4491 erat
530 4440 662 4506 quondam
687 4440 763 4506 quasi
805 4437 875 4491 such
893 4438 938 4491 die
956 4437 1163 4493 Konstruktion
1189 4440 1243 4493 mit
1259 4438 1291 4491 de

161 4545 273 4595 neema,
291 4545 480 4598 huncquoque
498 4525 574 4579 sato
591 4542 617 4580 se
633 4540 674 4578 res
686 4524 769 4588 babet,
808 4523 850 4578 tiu
866 4521 966 4576 landet.
982 4553 1013 4562 -
1029 4540 1084 4574 uma
1108 4540 1137 4576 eo
1162 4526 1199 4577 sis
1220 4524 1291 4577 marii
