2602 4890
55 185 74 255 :,]
425 182 471 239 Ad
487 184 552 237 fam.
570 182 604 250 X,
621 186 664 239 24„
1085 186 1147 249 473

55 350 174 417 aesaris
195 349 399 428 accessisset,
431 368 535 432 aequo
567 349 677 416 animo
708 369 870 415 summam
891 370 961 414 rem
982 348 1146 432 publicam

55 451 164 517 uimsn
186 449 431 515 deduceremus:
465 449 633 532 aliquanto
664 456 774 516 autem
804 451 940 533 propius
969 451 1148 534 essequod

55 571 109 615 ¹em
131 550 340 630 videbamus,
371 550 454 615 nihil
483 550 596 615 destiti
617 571 691 615 eum
717 550 835 617 litteris
866 551 1012 631 hortari,
1043 572 1147 635 neque

55 651 190 717 termisit
212 650 386 716 adfirmare
407 670 440 715 se
462 651 532 716 sine
554 672 647 716 mora
669 652 788 732 venire,
810 673 884 717 cum
906 652 1035 716 interim
1057 673 1147 717 aver·

55 752 121 816 lum
144 750 186 816 ab
205 754 267 815 hac
288 751 487 832 cogitatione
505 751 546 815 ad
565 751 631 817 alia
651 752 786 818 consilia
802 753 895 818 video
913 773 948 818 se
965 755 1148 818 contulisse.

55 872 143 917 emen
165 850 208 915 ad
230 871 303 915 eum
326 851 482 915 Furnium
503 856 652 917 nostrum
683 874 755 918 eum
782 853 944 919 mandatis
966 853 1149 937 litterisque

55 955 72 1016 ri
94 950 174 1034 quid
196 950 282 1015 forte
304 950 458 1033 proficere
481 957 597 1033 posset.

55 1053 91 1117 ris
112 1058 160 1122 tu,
184 1051 229 1115 mi
250 1049 371 1129 Cicero,
394 1051 481 1134 quod
504 1051 546 1116 ad
566 1052 714 1117 Caesaris
736 1073 877 1118 amorem
902 1054 1028 1130 attinet,
1051 1055 1148 1118 socie
1173 1073 1190 1125 5

63 1154 144 1218 mihi
166 1159 380 1219 essetecum:
413 1154 462 1217 vel
492 1153 580 1237 quod
600 1155 635 1217 in
656 1153 884 1219 familiaritate
905 1152 1051 1218 Caesaris
1077 1154 1149 1219 vivo

55 1276 85 1319 m
107 1254 194 1319 tueri
215 1274 289 1318 eum
311 1258 344 1317 et
365 1253 500 1336 diligere
521 1254 585 1319 fuit
607 1254 687 1319 mihi
712 1275 858 1333 necesse,
890 1252 939 1318 vel
960 1255 1049 1337 quod
1070 1255 1149 1338 ipse,

81 1374 143 1436 ego
174 1374 265 1418 nosse
297 1354 411 1436 potui,
441 1354 690 1420 moderatissimi
722 1360 821 1438 atque
843 1355 1065 1421 humanissimi
1087 1353 1149 1417 fuit

64 1506 72 1536 ,
104 1454 154 1520 vel
185 1452 275 1537 quod
304 1474 344 1518 ex
374 1461 443 1519 tam
473 1455 591 1537 insigni
621 1455 765 1522 amicitia
786 1476 859 1520 mea
880 1461 980 1537 atque
1002 1453 1149 1519 Caesaris

55 1556 105 1621 ilii
127 1557 199 1621 loeo
222 1561 255 1620 et
275 1555 363 1620 illius
384 1561 418 1620 et
435 1562 544 1621 vestro
560 1555 680 1622 iudicio
697 1556 912 1622 substitutum
930 1577 995 1620 non
1014 1555 1148 1638 proinde
1252 1610 1255 1615 .

55 1680 60 1721 l
82 1663 179 1739 turpe
201 1656 281 1721 mihi
303 1656 439 1722 videtur.
474 1657 588 1723 Sed-
605 1657 762 1742 quioquid
779 1658 841 1723 tibi
863 1657 981 1738 scribo,
1004 1658 1150 1725 dolenter
1175 1675 1193 1726 6

55 1758 141 1822 eules
171 1758 274 1838 magis
305 1778 403 1841 quam
434 1758 562 1823 inimice
592 1759 678 1825 facio
708 1796 752 1807 -
780 1758 869 1842 quod
891 1758 970 1822 vivit
990 1759 1150 1823 Antonius

70 1857 159 1941 quod
180 1856 323 1942 Lepidus
345 1879 412 1923 una
429 1864 498 1937 est,
529 1859 617 1942 quod
647 1860 806 1924 exercitus
837 1859 959 1924 habent
988 1881 1053 1924 non
1076 1880 1149 1924 oon·

55 1953 142 2037 ndos,
166 1958 253 2042 quod
275 1966 417 2042 sperant,
440 1961 528 2042 quod
549 1960 680 2039 audent,
713 1981 807 2026 omne
830 1960 961 2025 Caesari
983 1963 1150 2043 acceptum

55 2066 229 2143 >possunt
272 2059 384 2143 Neque
407 2082 466 2143 ego
489 2063 657 2145 superiora
679 2068 843 2145 repetam3
866 2060 923 2125 sed
950 2083 989 2126 ex
1010 2082 1047 2125 eo
1070 2067 1151 2125 tem-

65 2182 133 2246 quo
155 2163 223 2244 ipse
245 2162 325 2226 mihi
347 2164 511 2245 professus
533 2168 582 2227 est
604 2184 637 2228 se
657 2165 781 2243 venire,
808 2165 835 2228 si
856 2163 965 2227 venire
988 2162 1150 2241 voluisset,

55 2284 212 2346 ›pressum
233 2263 297 2328 iam
319 2263 442 2328 bellum
463 2268 547 2328 esset
565 2266 675 2329 autin
693 2264 927 2329 aversissimam
949 2263 1013 2328 illis
1033 2263 1151 2346 Hispa·

58 2385 134 2429 cum
165 2363 359 2430 detrimento
391 2385 502 2429 eorum
534 2366 673 2429 maximo
705 2372 883 2432 extrusum.
937 2364 1027 2442 Quae
1060 2385 1149 2429 mens

55 2470 105 2530 lut
133 2485 273 2548 quorum
305 2466 440 2531 consilia
467 2488 489 2530 o
518 2472 613 2531 tanta
634 2466 758 2549 gloria,
789 2467 853 2532 sibi
876 2488 950 2533 vero
974 2467 1073 2531 etiam
1096 2488 1151 2531 ne·

55 2639 360 2648 ——-..—-....-.

55 2756 76 2806 ls
102 2754 151 2808 das
177 2755 363 2810 afrikanische
389 2755 471 2810 Hesr.
493 2787 524 2795 -
569 2775 623 2811 nur
650 2758 699 2811 das
728 2759 903 2812 anerkaunte
921 2755 1013 2810 Recht
1030 2773 1079 2808 zur
1097 2757 1153 2807 An-

66 2841 176 2892 eoneilia
252 2858 278 2892 ac
291 2839 434 2908 contulisse]
449 2842 527 2893 nim·
569 2842 709 2910 wendung
730 2842 904 2910 gekommen,
930 2839 1053 2893 weshalb
1081 2838 1150 2892 auch

55 2920 271 2992 rErzwingung
295 2923 343 2976 des
366 2925 526 2978 Konsulats.
569 2928 614 2982 die
631 2926 791 2995 Giiltigkeit
817 2925 865 2978 der
892 2925 950 2977 also
972 2923 1150 2991 vollzogenen

72 3005 191 3059 Caesarie
210 3026 325 3060 ommam
401 3011 431 3061 io
441 3011 527 3076 fomi-
570 3011 711 3077 Adoption
730 3026 784 3063 von
803 3009 856 3062 den
875 3007 1004 3076 Gegnern
1021 3007 1068 3060 des
1087 3005 1153 3059 Soh-

95 3087 224 3157 mamea]
261 3100 354 3143 zuerst
382 3092 420 3145 ist
447 3092 528 3147 Octa·
570 3110 618 3147 nes
650 3094 696 3147 nie
731 3091 916 3161 angefochten
951 3090 1063 3144 worden
1098 3090 1154 3142 ist’.

55 3173 120 3226 lann
138 3173 166 3227 C.
183 3173 274 3227 Julius
293 3173 379 3227 Oiisar
394 3177 527 3243 gemeint,
570 3178 725 3231 Mommsen
745 3175 778 3228 R.
796 3173 837 3227 st.
854 3174 905 3236 ΙΙΙ,
931 3176 964 3228 39
982 3175 1014 3226 Α.
1031 3176 1057 3225 2,
1093 3173 1153 3241 Vgl.

55 3257 153 3311 alehem
172 3257 290 3310 Plancus
318 3256 385 3327 (vgl.
402 3260 476 3312 Einl.
493 3278 528 3313 zu
569 3262 639 3315 lhne
665 3260 698 3313 R.
725 3259 756 3313 G.
785 3257 843 3323 Vll,
869 3260 928 3311 459.
978 3259 1063 3310 Vestro
1090 3262 1154 3325 sagt

55 3340 66 3408 )
92 3340 122 3392 in
148 3340 443 3396 freundsehaitliohem
462 3343 528 3397 Ver·
570 3345 696 3408 Plancus,
715 3343 778 3396 weil
796 3359 826 3396 er
853 3341 939 3396 selbst
959 3370 987 3379 -
1007 3343 1048 3393 als
1067 3339 1154 3393 Statt-

84 3425 239 3492 gastandan
274 3426 362 3480 hatte.
397 3457 431 3465 —
460 3426 527 3496 ipae]
570 3428 663 3481 halter
680 3443 734 3480 von
753 3426 861 3480 Gallien
884 3424 1030 3478 abwesend
1048 3451 1081 3461 -
1099 3424 1155 3479 kei-

55 3525 89 3561 m.
100 3536 129 3545 -·
147 3518 228 3561 oestro
244 3511 339 3563 iudicio
353 3510 527 3580 amatorum]
570 3529 625 3565 nen
644 3511 703 3564 Tell
721 3511 809 3564 daran
827 3508 932 3578 gehabt
950 3508 1037 3563 hatte.

55 3593 192 3661 rtitigung
210 3593 300 3646 seiner
318 3594 346 3646 in
365 3594 463 3649 Glisars
478 3595 528 3649 Te·
603 3597 627 3648 6.
657 3604 787 3662 occeptum
817 3591 926 3661 referre]
957 3592 1153 3659 urspr'dnglioh

55 3678 72 3727 ,Ι
96 3676 354 3744 ansgesprochenen
385 3677 527 3744 Adoption
571 3677 817 3731 kanfminniseher
835 3676 996 3731 ausdruck:
1020 3677 1071 3728 ‘als
1090 3675 1155 3727 Ein-

55 3757 69 3811 lr
92 3759 181 3812 durch
210 3760 255 3813 die
273 3760 528 3828 Cariat-Comitien,
570 3761 670 3815 ushme
681 3762 847 3830 eintragen’,
865 3760 952 3813 daher
963 3759 1154 3812 ‘serdanken':

56 3848 97 3895 rst
114 3842 185 3896 nach
208 3842 257 3896 der
275 3842 357 3897 Wahl
375 3845 527 3898 Octaviam
570 3845 654 3899 sehon
672 3862 715 3911 ep.
734 3846 776 3911 55,
795 3849 825 3911 1;
849 3845 919 3898 Phil.
936 3844 971 3909 ΙΙ,
988 3845 1034 3896 55:
1058 3844 1153 3897 Omnia

55 3927 134 3979 onsul
161 3925 214 3995 (19.
230 3927 321 3997 Aug.).
356 3928 412 3982 Fiir
435 3930 528 3998 giiltig
569 3931 688 3997 denique,
709 3948 775 3997 quoe
799 3938 889 3996 postea
910 3930 1074 3980 vidimus-
1092 3928 1154 3994 quid

55 4027 99 4063 ran
118 4010 162 4063 die
179 4012 320 4077 Adoption
340 4013 480 4065 trotzdem
497 4015 527 4066 in
569 4023 655 4066 arcem
680 4014 746 4065 moti
770 4032 823 4065 ooo
847 4012 980 4064 vidimus?
999 4038 1033 4048 -
1050 4013 1073 4062 si
1090 4021 1155 4063 reete

55 4105 128 4147 restro
142 4095 257 4163 iudicio).
277 4096 344 4149 Dass
357 4097 403 4150 die
416 4097 528 4150 Forma·
570 4116 612 4149 ru
621 4099 712 4150 ticet
722 4115 741 4149 u
751 4100 844 4149 odim
853 4114 871 4146 a
880 4115 912 4157 r,
928 4096 976 4146 esni
993 4104 1098 4161 accepta
1115 4113 1155 4146 re·

55 4195 80 4232 es
99 4179 369 4233 Curienbeschlusses
396 4198 426 4233 so
448 4183 528 4250 lange
565 4182 685 4247 feremus
709 4183 829 4233 Anwoio.
856 4210 889 4218 -
914 4182 944 4231 ia
967 4181 1156 4232 overemsimcm

55 4262 204 4331 geschoben
233 4264 344 4331 warde,
379 4281 436 4316 war
467 4265 529 4318 eine
570 4267 622 4317 illis
639 4263 725 4332 Πίῳ]
745 4281 799 4317 von
820 4263 941 4331 Spenien
967 4262 1062 4315 durite
1089 4278 1155 4314 man

55 4346 127 4400 edes
137 4348 285 4400 Antonius.
303 4347 528 4402 ‘DieUmstiinde
570 4364 668 4416 wegen
686 4348 777 4400 seinsr
793 4348 897 4416 langen
906 4346 1089 4413 Verbiudung
1103 4346 1155 4398 mit

59 4428 150 4483 Falles
168 4430 319 4484 schliessen
336 4431 414 4499 jedes
432 4448 530 4500 exzep-
572 4430 839 4498 denPompejanern
853 4432 1006 4501 allerdings
1024 4430 1154 4500 glauben,

55 4512 232 4568 sVerfahren
251 4531 316 4583 ans;
342 4532 371 4568 es
392 4514 430 4568 ist
448 4514 529 4569 dabei
572 4516 637 4571 dass
656 4531 685 4569 es
702 4514 753 4569 der
774 4514 965 4581 casariselien,
984 4516 1061 4582 'petat
1084 4520 1166 4565 anto
