2602 4890
109 177 169 240 402
597 171 643 226 Ad
659 171 725 226 iam.
744 172 776 241 V,
795 176 834 227 16.
1177 174 1209 244 [Ε]

109 343 170 407 hoc
190 338 378 423 gravissimo
399 343 433 403 et
454 337 713 420 pestilentissimo
744 359 830 405 anno
852 340 1132 407 adulescentulum
1160 348 1209 406 aut

108 462 182 507 rum
205 445 377 518 mortuum,
399 437 457 521 qui
477 437 558 503 mihi
578 459 645 503 non
666 460 687 504 a
708 438 757 502 dis
778 439 1021 506 immortalibus
1048 447 1176 524 ereptus
1199 464 1209 507 e

111 542 248 609 miseriis
268 546 369 623 atque
386 561 426 605 ex
446 540 650 623 iniquissima
667 540 854 606 condicione
871 542 956 606 vitae
977 541 1153 608 videretur.

70 664 87 716 5
198 641 272 720 Qua
293 662 328 706 re
350 640 377 704 si
399 640 461 705 tibi
483 661 583 705 unum
613 641 675 706 hoc
696 642 824 707 detrahi
853 648 971 725 potest,
1002 665 1044 708 ne
1063 643 1146 727 quid
1165 643 1206 722 iis,

112 743 240 821 amasti,
271 742 350 806 mali
378 746 473 823 putes
499 741 680 823 contigisse,
702 743 901 823 permultum
931 744 994 809 erit
1023 766 1064 808 ex
1093 765 1209 810 maeror

113 845 333 921 deminutum,
355 841 558 924 relinquetur
588 841 673 906 enim
693 842 829 925 simplex
857 844 915 908 ilia
936 845 1003 908 iam
1025 865 1105 910 eura
1126 847 1209 912 dolor

113 966 197 1030 quae
218 964 284 1007 non
305 962 379 1007 cum
408 939 472 1003 illis
503 940 805 1020 communicabitur,
835 941 891 1006 sed
921 942 964 1007 ad
997 950 1031 1008 te
1060 944 1167 1026 ipsum
1194 969 1209 1029 p

113 1045 281 1120 referetur,
302 1042 336 1107 in
358 1062 424 1124 qua
444 1062 510 1105 non
529 1047 578 1105 est
594 1042 660 1105 iam
678 1040 849 1124 gravitatis
867 1047 899 1107 et
920 1042 1102 1126 sapientiae
1120 1051 1201 1125 tuae,

115 1151 152 1209 tu
174 1165 195 1208 a
214 1162 313 1227 puero
335 1141 536 1224 praestitisti,
558 1139 642 1205 ferre
659 1142 905 1208 immoderatius
922 1164 1033 1207 casum
1049 1144 1206 1211 incommo

114 1252 255 1321 tuorum,
277 1241 334 1325 qui
355 1241 399 1306 sit
429 1241 470 1305 ab
493 1261 615 1321 eorum,
647 1262 728 1324 quos
749 1242 909 1318 dilexeris,
941 1244 1072 1309 miseria
1101 1247 1209 1330 maloq·

114 1347 262 1422 iunctus;
285 1341 402 1407 etenim
424 1362 496 1406 eum
524 1362 651 1425 semper
678 1348 712 1407 te
733 1352 766 1408 et
787 1343 923 1426 privatis
952 1345 986 1407 in
1008 1345 1108 1410 rebus
1138 1354 1208 1429 etp

116 1445 319 1531 praestitisti,
345 1442 469 1508 tuenda
485 1443 548 1507 tibi
565 1450 603 1508 ut
624 1443 667 1507 sit
684 1445 827 1527 gravitas
845 1451 878 1509 et
896 1447 1101 1512 constantiae
1113 1449 1209 1511 sersie

116 1568 192 1613 nam
214 1544 301 1629 quod
333 1543 476 1609 allatura
505 1549 554 1608 est
583 1543 655 1626 ipsa
681 1543 890 1623 diuturnitas,
922 1566 1006 1628 quae
1037 1549 1193 1614 maximos

116 1652 279 1712 vetustate
301 1644 399 1724 tollit,
420 1644 454 1707 id
475 1665 535 1709 nos
553 1645 739 1728 praecipere
756 1646 887 1711 consilio
904 1646 1145 1731 prudentiaque
1163 1648 1209 1713 dei

75 1751 92 1803 6
117 1748 235 1815 etenim
256 1748 284 1811 si
305 1746 395 1809 nulla
418 1745 482 1810 fuit
499 1767 654 1829 umquam
671 1746 782 1812 liberis
795 1747 922 1812 amissis
938 1754 1008 1812 tam
1029 1749 1190 1815 imbecillo

117 1848 236 1923 animo,
253 1867 336 1930 quae
352 1867 417 1911 non
437 1845 613 1929 aliquando
627 1846 757 1929 lugendi
771 1848 902 1913 modum
915 1849 1036 1929 fecerit,
1053 1856 1141 1915 certe
1159 1871 1209 1915 nos

119 1955 168 2015 est
189 1948 256 2012 dies
279 1946 430 2026 allatura,
453 1946 485 2009 id
508 1947 642 2011 consilio
664 1948 826 2013 anteferre
848 1949 1000 2014 debemus
1023 1970 1131 2035 neque
1148 1972 1209 2033 exsp

118 2047 273 2133 temporis
296 2046 496 2126 medicinam,
519 2067 616 2129 quam
638 2055 880 2131 repraesentare
901 2049 1028 2116 ratione
1049 2051 1207 2134 possimus

220 2149 280 2213 His
302 2168 362 2230 ego
384 2147 501 2212 litteris
523 2149 551 2212 si
572 2148 651 2232 quid
672 2149 888 2232 profecissem,
911 2150 1136 2216 existimabam
1155 2157 1209 2234 opt

121 2250 275 2335 quiddam
298 2269 347 2313 me
369 2268 438 2313 esse
460 2247 668 2314 adsecutum:
696 2251 746 2315 sin
767 2251 873 2316 minus
894 2251 979 2317 forte
1009 2252 1195 2332 valuissent,

120 2358 230 2417 tamen
253 2369 319 2414 esse
340 2348 487 2412 functum
505 2349 566 2413 viri
584 2350 877 2416 benevolentissimi
893 2357 994 2434 atque
1011 2352 1209 2431 amicissimi;

122 2473 173 2516 me
190 2451 252 2516 tibi
273 2456 306 2514 et
323 2448 422 2514 fuisse
439 2469 564 2533 semper
582 2452 744 2518 existimes
762 2451 856 2517 velim
875 2457 908 2517 et
924 2452 1074 2517 futurum
1096 2475 1209 2520 essee<

157 2657 180 2708 5.
190 2655 212 2703 ai
222 2653 430 2706 tibi...detrabi
436 2653 705 2723 potest...neputes]
750 2655 800 2708 her
822 2657 990 2721 praecipere,
1019 2656 1132 2710 scheint
1165 2656 1209 2709 abe

123 2740 236 2791 ‘kannst
254 2735 291 2789 du
304 2735 366 2789 dieb
379 2755 431 2790 nur
442 2738 490 2792 des
509 2740 708 2794 einenGedan-
750 2737 830 2792 nicht
848 2738 1059 2807 nacbgewieaen
1078 2740 1192 2793 werden

124 2825 193 2878 kens
220 2820 417 2888 entschlagen’.
443 2852 477 2859 -
503 2823 649 2893 corripiare]
667 2826 709 2880 ci·
751 2840 814 2876 nen.
831 2821 970 2876 Streicher
988 2822 1045 2874 will
1056 2833 1118 2873 anco
1128 2825 1206 2890 adfer

125 2924 186 2961 cero
205 2904 359 2973 gebraucht
377 2905 425 2958 das
445 2906 566 2961 Verbum
586 2927 710 2964 nurver·
752 2915 812 2957 ante
846 2916 955 2968 vertere,
999 2906 1198 2960 Mendelssohn

126 2991 227 3044 einzelt
254 3004 307 3041 von
334 2989 551 3057 ungliioklichen
568 2993 711 3063 Ereignis·
752 2989 832 3044 Auch
852 2989 941 3043 dieser
959 2989 1024 3043 Sata
1042 2989 1158 3044 entbiilt
1176 3009 1209 3044 au

127 3091 193 3127 sen:
211 3069 336 3125 Schmaiz
354 3072 452 3125 Antib.
470 3073 491 3140 Ι,
509 3077 566 3128 322.
586 3105 616 3114 —
631 3097 711 3146 praa·
754 3073 1008 3142 Wiederbolungen
1037 3073 1086 3126 des
1123 3073 1209 3142 Vorge

127 3159 213 3209 ntitieti
231 3196 236 3208 .
256 3195 262 3207 .
281 3195 286 3206 .
303 3162 332 3202 at
357 3153 399 3223 eit]
427 3155 483 3208 Der
509 3157 573 3212 Sata
600 3163 711 3216 suthale
754 3177 815 3209 nam
832 3159 902 3225 qaod
920 3159 1038 3208 allatura
1055 3160 1164 3225 estipea
1182 3160 1209 3209 di

127 3245 190 3298 eine
206 3245 291 3294 etwas
318 3235 408 3291 breite
426 3238 646 3315 Wiederholung
663 3249 711 3301 des
757 3243 896 3292 -etenim
922 3242 991 3307 quod
1018 3251 1055 3292 θεῖ
1077 3243 1135 3292 dies
1163 3244 1209 3292 alh

129 3330 213 3384 sehon
233 3334 285 3387 mit
303 3351 355 3386 non
374 3336 410 3376 est
431 3328 483 3376 iarn
560 3333 714 3393 praestitisti
755 3344 801 3377 nos
832 3327 984 3393 praecipere
1019 3326 1126 3376 consito
1150 3344 1209 3394 prio

129 3413 278 3483 Gesagten,
295 3418 333 3471 ist
351 3418 418 3471 aber
429 3412 543 3466 deshalb
566 3414 605 3465 im
616 3412 714 3480 Briefe,
756 3411 874 3461 dedemus
895 3437 922 3444 -
941 3410 970 3459 id
987 3410 1092 3459 consitio
1119 3412 1209 3476 anrese

129 3515 172 3551 wo
200 3499 362 3555 Gedanken·
389 3499 446 3552 und
472 3496 714 3567 Satzverbindung
756 3511 820 3545 mua.
847 3521 881 3529 —
906 3488 1115 3561 repraesentare]
1145 3508 1209 3560 ursp

129 3584 170 3636 oft
188 3587 273 3636 etwas
293 3584 385 3637 locker
403 3582 449 3647 ist,
467 3579 545 3632 nicht
571 3599 604 3634 zu
632 3580 714 3634 bean·
756 3574 1002 3630 kanfmiinnisoher
1020 3574 1189 3628 Ausdruck:

130 3667 258 3720 standen.
288 3697 321 3705 —
353 3669 504 3732 praecipere
531 3681 598 3716 cona.
624 3659 715 3732 prud]
755 3662 871 3725 pecunia
888 3659 944 3712 ‘um
962 3658 1043 3712 bares
1062 3658 1144 3711 Geid’
1163 3662 1209 3713 z.j

130 3769 192 3805 zum
211 3751 365 3806 Godanken
383 3749 453 3804 auch
472 3765 526 3801 von
544 3748 560 3814 ξ
578 3748 659 3817 6ng
670 3764 714 3815 ep.
756 3743 830 3797 Men.
841 3745 915 3810 1159,
925 3742 1012 3796 daher
1029 3754 1209 3808 repraesentas

131 3838 189 3901 113,
206 3839 222 3890 6
240 3832 413 3889 namentlich
431 3833 475 3886 die
494 3831 604 3885 Worte:
622 3848 715 3881 aenon
757 3828 809 3881 bar
841 3827 1000 3892 bezshlen'3
1034 3826 1209 3897 iibertragen

131 3922 154 3970 ei
172 3922 212 3971 rei
228 3920 416 3985 sapientiores
434 3927 457 3967 te
474 3933 617 3976 occurrere,
633 3913 716 3968 sowie
758 3912 845 3965 sofort
888 3910 989 3964 leisten
1028 3911 1094 3965 oder
1136 3912 1210 3965 than

132 4003 177 4056 die
195 4004 297 4057 sehbne
315 3998 717 4065 Parallelstellefam.V11,28,
759 3994 872 4047 a'hnlich
890 3994 965 4047 Caes.
984 3994 1010 4048 b.
1028 3994 1062 4048 G.
1078 3995 1100 4061 I,
1119 3998 1160 4062 40,
1181 4000 1209 4049 14

132 4087 163 4137 3:
181 4103 336 4155 quamquam
353 4102 458 4136 menon
475 4086 542 4135 ratio
560 4084 641 4134 solam
660 4100 717 4132 con·
757 4097 791 4143 ae,
809 4080 878 4147 qnod
895 4081 924 4129 in
942 4080 1082 4145 lorrpiorem
1108 4080 1179 4132 diem
1206 4108 1209 4128 ι

132 4167 240 4231 solatur,
258 4169 471 4237 quaepinrirnum
479 4168 655 4231 dedetoaiere,
671 4166 718 4215 seni
751 4166 858 4233 fuisset,
886 4172 1146 4227 repraesentaturam
1173 4173 1197 4214 et

134 4249 716 4321 etiamdies,quaestultisquoquemsderisolet.
759 4256 831 4297 nocte
847 4247 880 4297 de
897 4257 994 4315 quarta
1007 4248 1098 4315 cipilia
1112 4257 1201 4300 castra

167 4337 192 4387 6.
212 4337 318 4388 consilio
336 4333 478 4403 anteferre]
497 4332 717 4399 dieBedeutung
759 4359 793 4367 —
826 4332 1055 4383 benevolentissimi
1083 4340 1160 4399 atque
1190 4349 1206 4381 a

135 4419 182 4473 des
195 4417 330 4472 Verbums
348 4419 423 4472 kann
442 4417 513 4472 nach
531 4417 594 4470 dem
604 4415 719 4468 Znsam-
761 4414 817 4482 vgl.
844 4416 946 4482 epbss,
964 4417 995 4468 1:
1021 4416 1108 4467 stadio
1132 4424 1157 4467 et
1174 4416 1209 4466 ter

130 4501 276 4575 menbang
292 4503 376 4560 keine
393 4503 497 4560 andere
514 4500 574 4557 sein
591 4501 634 4555 ais
658 4514 719 4554 uor-
760 4499 802 4551 oet
818 4516 904 4550 omae
922 4500 1017 4566 potius.

652 4616 864 4631 ---.-.
