2602 4890
113 191 174 258 282
556 186 852 256 laetamine.
980 236 985 247 .
1136 194 1193 265 [m.

112 367 183 426 erat
205 365 263 426 aut
284 359 341 443 qui
362 356 442 429 mihi
462 378 530 425 esse
550 358 740 438 videbatur3
761 380 833 425 eum
855 358 918 426 hoo
937 380 1024 441 vero,
1046 361 1105 446 qui
1126 369 1196 429 ante

111 480 210 545 quam
231 460 291 525 seit
313 465 370 525 aut
391 479 487 543 quem
508 460 613 542 fugiat
634 467 693 525 aut
714 481 789 543 quo,
811 463 868 544 qui
885 467 997 527 nostru
1013 460 1162 541 tradidit,
1181 484 1196 547 q

112 560 209 626 triam
237 559 377 642 reliquit,
407 559 536 625 Italiam
557 559 721 643 relinquit,
743 560 772 626 si
792 560 903 640 malui,
924 562 1081 645 oontigit:
1114 562 1196 628 victu

113 660 207 740 Quod
226 669 380 742 superest,
405 681 464 726 neo
484 663 548 726 ieta
568 661 676 727 videre
697 682 838 744 possum,
860 682 944 746 quae
965 682 1142 747 numquam
1162 665 1196 728 to

112 761 263 840 viderem,
281 781 340 826 nee
357 760 538 826 mehercule
555 761 664 842 istum,
682 767 927 845 propterquam
944 763 1024 828 mihi
1040 784 1106 829 non
1120 764 1194 830 mod

70 873 88 926 3
116 862 171 929 sed
187 867 304 927 memet
320 863 391 945 ipso
409 863 583 928 carendum
599 868 655 927 est
690 862 741 926 Ad
757 862 968 928 Philotimum
984 865 1099 948 scripsi
1123 865 1164 930 de
1189 887 1196 911 ¹

112 965 177 1030 eive
208 985 228 1029 a
250 963 383 1029 Moneta
403 997 446 1014 —
472 985 564 1030 nemo
586 964 670 1029 enim
691 964 788 1030 solvit
808 1000 851 1014 -
871 967 936 1030 siue
958 966 1000 1031 ab
1022 965 1135 1051 Oppiis
1156 973 1194 1032 tu

113 1063 354 1129 tubernalibus:
378 1069 486 1129 cetera
506 1065 656 1148 apposita
676 1064 739 1129 tibi
760 1065 929 1133 mandabo.

486 1292 937 1384 ufflfflmma

250 1466 307 1521 Ser.
324 1467 355 1521 in
373 1467 521 1522 FormIeno
537 1482 562 1521 a.
579 1467 605 1520 d.
622 1466 661 1521 VI
678 1466 818 1522 Kalendas
834 1466 951 1522 Muttito
969 1469 1003 1522 A.
1021 1467 1054 1522 U.
1072 1467 1100 1522 0.
1117 1470 1178 1523 705,

495 1616 649 1683 CICERO
670 1615 824 1683 ATTICO
845 1615 931 1682 SAL.

197 1780 225 1847 0
245 1801 314 1845 rem
335 1786 464 1866 turpem
483 1790 515 1848 et
532 1804 569 1849 ea
585 1802 621 1847 re
639 1782 806 1849 miserm!
828 1783 874 1849 sio
895 1782 980 1847 enim
996 1783 1111 1864 sentio,
1134 1784 1171 1848 id
1189 1807 1196 1849 t

115 1887 174 1946 aut
194 1881 303 1964 potius
324 1881 359 1945 id
380 1881 487 1949 solum
508 1904 576 1949 esse
597 1884 758 1962 miserum,
779 1883 867 1967 quod
887 1888 982 1965 turpe
999 1885 1050 1950 sit
1084 1883 1196 1950 Aluert

115 2001 237 2060 sarem3
270 1980 407 2047 eundem
428 1988 559 2066 repente
580 1984 693 2048 timere
715 1987 875 2067 coeperat,
897 1982 1114 2049 condicionem
1135 2005 1196 2066 pae

113 2081 179 2147 lam
199 2082 365 2167 probarat,
393 2083 475 2148 nihil
495 2083 539 2150 ad
559 2084 682 2150 bellum
702 2088 846 2167 pararat,
876 2083 990 2149 urbem
1011 2083 1196 2168 reliquerat,

113 2203 192 2247 num
222 2183 374 2250 amiserat
404 2184 507 2268 eulpa,
537 2186 571 2250 in
592 2185 743 2270 Apuliam
768 2206 802 2251 se
824 2191 1038 2269 compegerat,
1068 2186 1141 2252 ibat
1162 2188 1196 2250 in

114 2283 205 2363 eiam,
228 2285 331 2350 omnis
352 2305 412 2351 nos
432 2287 713 2378 ἀπροσφωυήτους,
737 2286 876 2371 expertis
897 2287 948 2351 sui
966 2287 1061 2368 tanti,
1083 2292 1153 2353 tam
1170 2288 1196 2351 ir

112 2569 200 2623 woilir
225 2586 256 2623 er
281 2575 359 2625 sonst
385 2573 415 2626 in
433 2572 486 2624 den
508 2571 617 2625 Briefen
642 2588 691 2625 eus
769 2570 873 2625 LXXI.
889 2570 1036 2638 Pompeius
1054 2571 1196 2624 verliesss

113 2651 203 2707 dieser
220 2652 284 2706 Zeit
308 2658 394 2709 sudem
421 2660 499 2724 εαξη
525 2656 581 2723 vgl.
599 2655 695 2709 beson-
736 2654 828 2709 lichen
845 2654 927 2723 Tege,
952 2670 987 2707 uu
1010 2653 1074 2707 dem
1097 2654 1196 2708 Oorfini

112 2735 175 2790 ders
201 2738 262 2790 att.
281 2736 354 2803 VIII,
371 2742 396 2806 2,
413 2741 444 2792 2:
470 2741 516 2806 qui
532 2740 619 2791 urbem
635 2739 694 2791 reli·
737 2739 792 2806 (21.
835 2738 986 2804 Februar),
1027 2737 1192 2805 Canusium3

112 2821 173 2888 quit,
202 2822 230 2873 id
254 2830 296 2887 ert,
318 2825 444 2890 petriam,
467 2841 519 2890 pro
543 2840 595 2890 quo
621 2832 644 2874 et
665 2825 695 2875 in
736 2823 862 2876 stimmte
879 2821 1067 2877 Naohriohten
1084 2819 1155 2874 iiber
1173 2821 1196 2874 di

111 2921 164 2971 quo
180 2906 246 2957 mori
258 2907 428 2973 praeclarum
439 2907 505 2974 fuit
526 2931 560 2942 -
581 2903 693 2974 mepte]
737 2907 860 2960 tulation
877 2906 925 2960 des
943 2904 1082 2959 Domitius
1104 2903 1196 2958 konnt

112 3002 143 3040 so
168 2986 205 3040 ist
231 2988 305 3042 mein
323 2987 408 3044 Wille
426 2989 537 3054 erfullt3
563 3005 592 3042 so
610 2989 648 3041 ist
665 3004 695 3042 es
736 2994 788 3059 gut
806 2990 890 3044 sehon
907 3007 953 3045 am
970 2991 1012 3043 24.
1027 2987 1154 3042 Februar
1171 2989 1196 3041 in

112 3070 326 3139 sogskommen.
343 3103 375 3111 —
393 3074 462 3140 quod
475 3071 694 3140 uipereulzuep.
737 3073 917 3128 Formianum
935 3074 1098 3141 gedrungen
1121 3073 1190 3125 sain.

113 3154 154 3218 16,
176 3155 201 3206 ὁ.
221 3181 255 3190 -
280 3156 330 3207 isto
355 3153 449 3223 uidere]
476 3155 522 3210 die
548 3155 696 3224 Vorgdnge
736 3156 915 3225 Entrdstung
928 3156 996 3210 iiber
1008 3154 1158 3222 Pompejus
1173 3155 1196 3224 gi

112 3235 168 3300 (die
201 3236 377 3305 Wirtsohaft)
424 3239 489 3293 dort
514 3268 547 3277 -
573 3240 695 3295 niimlieh
737 3239 831 3294 Oioero
848 3240 911 3293 dem
930 3239 1042 3293 Atticus
1060 3239 1196 3308 gegeniilu

112 3319 143 3372 in
159 3320 239 3374 Rom.
278 3322 337 3376 Aul
351 3323 436 3378 Odsar
458 3324 528 3393 geht
549 3326 606 3378 also
623 3326 695 3380 auoh
737 3323 837 3377 ebenso
846 3322 1021 3377 drautisehen
1039 3323 1080 3377 als
1092 3322 1196 3377 unveri

113 3401 162 3456 das
179 3402 308 3472 fulgendo
325 3408 408 3460 iatum
433 3436 461 3446 -
477 3418 585 3476 propter
610 3406 693 3476 quem]
737 3406 893 3473 Ausdruelr3
910 3407 963 3460 wie
989 3422 1062 3475 ganz
1083 3405 1196 3460 versohi

113 3484 177 3538 dem
193 3486 261 3540 ieh's
274 3487 441 3556 ‘verdanke’,
457 3490 530 3547 dass.
737 3489 782 3544 die
799 3491 909 3543 densere
926 3489 1009 3544 Form
1035 3489 1065 3542 in
1092 3489 1156 3543 dem
1173 3488 1195 3540 B

146 3571 171 3622 3.
189 3571 234 3622 Ad
250 3571 428 3641 Philotimum]
447 3591 520 3641 sep.
534 3577 609 3642 58,1.
627 3600 660 3613 -—
677 3594 695 3628 o
737 3572 885 3641 Pompejus
903 3573 990 3626 selbot
1008 3573 1063 3640 (ep.
1081 3573 1136 3636 74).

112 3651 229 3721 Moneta]
247 3670 297 3707 aus
318 3655 367 3708 der
384 3656 485 3712 Miinze
507 3676 541 3711 zu
563 3657 694 3712 mulehen
771 3659 793 3709 1.
811 3658 840 3709 id
859 3659 961 3710 demum
986 3667 1034 3709 out
1056 3658 1145 3724 potius
1175 3658 1196 3708 io

112 3752 200 3805 gagen
241 3735 410 3807 Silberzeug,
448 3739 497 3795 das
540 3757 571 3795 er
608 3741 694 3795 dahIn
736 3739 791 3792 mit
825 3738 969 3794 thnIioher
999 3739 1196 3795 Unterseheidt

112 3818 243 3874 sohioken
269 3821 375 3887 wollte,
405 3821 441 3876 da
467 3823 511 3878 die
540 3823 693 3879 Sohuldner
735 3813 1196 3893 sonstverschiedeneilnsserungl

112 3902 320 3959 niehtzahlten.
337 3935 370 3943 —
390 3904 480 3974 Oppii]
491 3924 584 3962 waren
601 3909 693 3964 reiohe
734 3916 787 3959 tout
804 3915 838 3960 eet
853 3908 946 3974 pedu,
958 3909 1021 3973 fora
1036 3909 1181 3960 Piorum.

112 3984 262 4057 Weohsler,
284 3991 336 4044 mit
354 3989 446 4044 denen
470 3990 519 4045 der
535 3993 691 4063 gleiohfalls
732 3989 784 4057 rat]
802 3990 858 4058 vgl.
867 4006 911 4058 ep.
928 3991 999 4055 67,3
1016 3990 1075 4043 und
1086 3990 1133 4044 die
1151 3993 1195 4042 An

112 4070 203 4126 reiehe
229 4073 340 4127 Atticus
368 4073 549 4143 gesohdftlioh
575 4076 630 4129 viel
656 4094 690 4130 zu
733 4100 763 4110 —
782 4070 872 4140 culpo]
890 4073 987 4126 ‘durch
1005 4072 1103 4142 eigeue
1120 4071 1196 4126 Sohu‘

111 4155 182 4209 thuu
210 4155 290 4210 hatte
305 4156 406 4224 (daher
423 4155 578 4212 seherzhuft
603 4168 689 4211 eomu-
731 4155 770 4210 ist
786 4155 964 4225 iiberiliissig3
982 4157 1037 4226 vgl
1057 4159 1120 4211 stt.
1133 4156 1196 4217 lxo

109 4237 245 4307 males).
267 4269 299 4279 -
325 4250 409 4294 uetera
431 4238 558 4309 apposito]
581 4242 618 4293 ud
648 4243 694 4296 doe
735 4241 794 4293 outo
805 4257 897 4308 pereo:
914 4242 980 4293 uitii
997 4242 1062 4294 miti
1078 4250 1196 4295 musar

110 4338 195 4374 meum
211 4322 359 4375 discedendi
379 4324 513 4376 meditor
535 4322 692 4380 Manutius:
733 4327 782 4377 nio
797 4327 875 4392 eulpa
892 4333 1023 4377 eontroeto
1043 4335 1113 4381 mat
1128 4353 1164 4365 -
1179 4344 1196 4379 a

110 4420 168 4457 was
187 4407 265 4458 toust
283 4403 387 4472 (ausser
405 4405 454 4459 der
472 4405 629 4475 Geldfrage)
646 4407 693 4462 fur
730 4406 814 4476 perot]
832 4408 899 4463 ‘sieh
916 4408 1112 4478 fatgmnnt’.
1124 4408 1196 4464 -ὠ

106 4490 201 4545 meino
217 4489 301 4546 Reise
318 4506 374 4546 von
391 4489 576 4563 WIohtngeit
593 4491 640 4546 ist.
732 4488 839 4560 νήτονς]
862 4490 909 4545 ein
927 4491 969 4546 oei
992 4490 1143 4563 Pompeius
1167 4492 1196 4547 br
