2602 4890
180 193 241 259 294
564 189 686 244 suaa.
704 186 981 279 iuremus.
1220 187 1286 257 [up.

137 365 153 416 2
260 356 298 421 N.
328 357 481 439 Magium,
511 355 656 437 Pompeii
676 356 883 438 praefectum,
913 353 1127 438 deprehendi:
1160 354 1286 420 seilicet

178 455 328 522 instituto
358 477 435 521 usus
465 476 534 525 sum
559 459 592 520 et
614 475 687 525 eum
709 457 821 525 statim
841 455 974 521 missum
995 455 1066 521 feei.
1110 455 1181 520 Iam
1203 454 1295 521 duo⁴

178 555 254 620 fecti
284 555 413 622 fabrum
436 555 581 638 Pompeii
610 556 643 619 in
673 576 778 622 meam
807 560 1000 640 potestatem
1031 561 1191 620 venerunt
1220 561 1255 620 et
1286 576 1295 619 ε

178 655 267 720 missi
288 662 381 736 sunt;
403 657 430 721 si
452 655 560 721 volent
580 655 672 738 grati
692 677 768 735 esse,
790 655 955 721 debebunt
976 654 1169 739 Pompeium
1185 655 1295 720 horta]

178 755 271 821 malit
292 757 371 820 mihi
393 777 460 822 esse
482 756 603 821 amicus
625 776 723 839 quam
744 755 794 836 iis,
817 755 874 838 qui
896 761 929 820 et
949 755 999 820 illi
1021 761 1054 820 et
1071 754 1153 821 mihi
1171 776 1295 838 semper

179 863 257 921 runt
284 857 502 937 inimicissimi,
535 876 673 939 quorum
696 855 841 922 artificiis
864 855 1012 920 effectum
1033 861 1091 939 est,
1121 861 1161 921 ut
1181 877 1236 921 res
1257 877 1295 938 pu

179 955 212 1020 in
233 957 318 1021 huno
339 963 458 1023 statum
481 959 670 1041 perveniret.

526 1090 668 1156 uxxvr.
691 1091 750 1176 (au
771 1092 837 1158 aa.
857 1090 913 1172 rx,
936 1094 955 1156 e
978 1091 1028 1173 a)

424 1207 584 1274 onasus
606 1208 694 1275 rur.
710 1208 741 1272 s.
761 1209 802 1275 n.
825 1206 1029 1274 mousom
1049 1207 1139 1272 rur.

264 1343 344 1409 Cum
365 1343 520 1408 Furnium
542 1349 689 1409 nostrum
711 1350 840 1409 tantum
861 1342 1020 1423 vidissem,
1041 1363 1149 1426 neque
1170 1342 1263 1426 loqui
1280 1364 1295 1406 n

180 1442 293 1508 audire
314 1463 386 1509 meo
408 1445 575 1511 commodo
597 1445 782 1528 potuissem,
805 1465 1012 1527 properarem
1034 1450 1134 1528 atque
1156 1446 1259 1508 essem
1277 1442 1295 1506 ir

75 1578 78 1583 ·
180 1563 256 1607 nere
277 1545 460 1626 praemissis
481 1545 544 1610 iam
563 1545 755 1628 legionibus,
774 1544 951 1628 praeterire
969 1549 1078 1608 tamen
1096 1563 1161 1608 non
1178 1542 1283 1626 potui,

181 1648 214 1708 et
235 1645 407 1710 scriberem
438 1645 480 1710 ad
501 1650 534 1710 te
555 1651 590 1710 et
617 1646 709 1710 illum
738 1645 899 1711 mitterem
931 1647 1118 1728 gratiasque
1148 1664 1288 1726 agerem,

181 1744 242 1810 hoo
272 1751 306 1810 et
336 1747 396 1810 feei
426 1767 519 1830 saepe
548 1752 581 1812 et
611 1747 739 1830 saepius
769 1747 849 1812 mihi
870 1748 1016 1812 facturus
1038 1747 1168 1811 videor:
1201 1747 1251 1810 ita
1272 1743 1295 1806 d

181 1844 320 1909 mereris.
363 1846 400 1911 In
421 1847 533 1929 primis
554 1869 573 1913 a
595 1853 627 1913 te
648 1854 739 1932 peto,
761 1848 915 1931 quoniam
938 1846 1063 1914 confido
1095 1867 1147 1912 me
1169 1845 1295 1912 eelerite

181 1946 296 2011 urbem
306 1951 486 2025 venturum,
495 1954 533 2013 ut
542 1951 575 2012 te
591 1947 639 2012 ibi
656 1947 790 2028 videam,
800 1954 838 2013 ut
856 1952 913 2014 tuo
932 1947 1075 2028 consilio,
1085 1947 1203 2030 gratia,
1212 1945 1295 2027 digni

183 2065 243 2128 ope
262 2047 401 2111 omnium
420 2068 528 2112 rerum
544 2049 594 2112 uti
610 2049 737 2131 possim.
780 2047 831 2112 Ad
847 2049 1052 2132 propositum
1068 2052 1232 2117 revertar:
1249 2045 1295 2110 fes

214 2250 239 2301 2.
257 2250 290 2303 N.
308 2249 435 2318 Mapiam]
452 2249 537 2304 Ciisar
553 2250 762 2305 beriehteidss·
804 2252 895 2312 besua·
912 2249 938 2304 b.
957 2248 1017 2303 Afr.
1034 2250 1074 2314 54,
1091 2250 1124 2303 δε
1141 2250 1174 2300 ab
1192 2249 1295 2299 exercitt

183 2331 257 2385 solbe
280 2331 307 2386 b.
324 2334 377 2387 civ.
403 2333 424 2400 I,
450 2335 491 2400 24,
508 2336 540 2387 4:
565 2335 701 2386 reducitur
726 2335 763 2386 ad
805 2343 828 2385 te
845 2333 1220 2387 removeo...te...dimitto.
1234 2333 1295 2385 ..im

183 2431 240 2465 eron
266 2416 355 2480 depr
366 2434 379 2469 e
389 2436 408 2468 a
419 2434 478 2468 sas
496 2434 528 2468 err
544 2419 636 2469 itinere
654 2419 686 2469 N.
703 2418 762 2469 Ma-
803 2435 847 2469 vos
864 2417 1138 2483 arbitroraaiinmeo
1148 2417 1264 2467 exeratur
1279 2431 1295 2464 o

181 2500 241 2565 pias
265 2500 397 2561 tiemone,
422 2503 569 2567 praefectus
587 2503 698 2567 fabrum
717 2502 762 2555 On.
804 2502 914 2567 durato,
939 2501 1076 2565 missosque
1099 2500 1180 2564 fario.
1216 2497 1295 2566 Vgi]

117 2626 121 2635 .
183 2582 305 2648 Pompeii.
341 2584 421 2646 Quem
441 2585 537 2635 Caesar
555 2585 590 2635 ad
606 2602 663 2636 eum
679 2587 763 2636 remit·
803 2585 869 2653 graf
883 2602 905 2636 s.
922 2587 975 2637 oot.
993 2584 1043 2637 326
1059 2581 1079 2635 f.
1096 2613 1129 2621 -
1143 2583 1183 2641 iis,
1198 2585 1290 2648 qai...

184 2667 214 2718 tit
231 2683 287 2717 eam
304 2667 467 2720 mandaris..
479 2708 485 2720 .
495 2668 623 2722 letzteres
641 2669 678 2722 ist
690 2669 763 2722 wohl
804 2667 905 2736 casiani]
923 2667 994 2720 eben
1011 2667 1056 2720 die
1072 2666 1143 2720 sueh
1161 2684 1218 2721 von
1232 2665 1295 2719 Cicer

184 2749 347 2804 absiehtlieh
382 2749 411 2803 in
446 2750 551 2804 diesem
577 2750 668 2804 Briefe
703 2768 763 2805 ver·
803 2754 844 2819 74,
870 2754 887 2805 Β
912 2749 1175 2804 eharskterisierten
1206 2748 1295 2803 verbis

184 2833 347 2903 sehwiegen,
371 2834 433 2887 weil
459 2851 487 2887 es
515 2834 593 2888 nieht
614 2835 762 2903 allgemein
803 2835 977 2903 Optimaten.

184 2914 309 2968 bekannt
326 2917 435 2970 werden
453 2918 540 2984 sollte,
558 2935 578 2970 s.
593 2919 653 2970 Ait.
662 2917 711 2981 IX,
723 2921 763 2985 13,
836 2917 961 2973 LXXVI.
986 2916 1045 2970 auf
1068 2915 1133 2970 dem
1158 2915 1285 2971 Mersehe

184 2997 261 3066 8(24.
272 2999 368 3067 MIrz):
387 3004 473 3052 omnia
489 3004 592 3069 misera,
608 3003 654 3052 red
667 3003 762 3053 hoeni·
803 3001 985 3055 Brundisium
994 3000 1117 3054 sehiekte
1126 3000 1213 3054 Ciisar
1224 2999 1295 3053 seina

185 3083 222 3133 td
237 3087 368 3136 miserias:
391 3086 526 3151 Pompeius
544 3087 577 3139 N.
595 3086 713 3152 Magiam
731 3086 762 3137 de
803 3085 910 3138 (iieeros
928 3083 1047 3150 Freund,
1072 3083 1128 3136 den
1143 3080 1295 3136 friiheren¹

181 3183 247 3231 paee
263 3170 332 3218 misit
347 3167 410 3236 (mit
423 3169 473 3222 der
483 3168 632 3236 Antwort),
642 3178 667 3220 et
679 3178 763 3221 ramea
803 3169 936 3222 tribuneu
955 3167 982 3221 Ο.
992 3167 1119 3230 Furnius,
1138 3165 1193 3219 mit
1206 3166 1295 3233 dieser

185 3261 360 3316 oppopoatar.
372 3251 764 3321 Vergebliehwirdmandiese
804 3269 854 3305 zen
872 3250 1077 3305 verbindliehen
1096 3248 1249 3303 Sohreiben
1272 3264 1295 3301 or

186 3333 271 3387 dureh
290 3335 386 3388 cusam
405 3336 499 3404 eigene
516 3336 612 3391 Worte
631 3337 702 3404 (Ast.
715 3337 763 3404 IX,
803 3334 846 3389 De
864 3335 956 3388 Cicero
974 3333 1027 3387 den
1046 3332 1124 3386 Brisf
1139 3349 1187 3385 am
1205 3335 1244 3386 12.
1256 3332 1295 3384 Mi

187 3419 219 3470 13
236 3420 273 3483 A)
291 3419 444 3488 bestitigte
456 3420 611 3475 Thatsaohe
629 3421 683 3474 mit
700 3422 763 3475 dem
804 3418 916 3471 Atticus
934 3416 1066 3484 sehickte,
1083 3415 1129 3469 ein
1143 3416 1222 3471 Brief
1237 3433 1288 3470 von

186 3500 350 3555 sbsiehtlieh
360 3504 522 3557 entstellten
532 3505 659 3559 Berichte
670 3504 696 3558 b.
710 3507 762 3559 eir.
804 3501 906 3555 disium
924 3500 995 3554 nach
1006 3499 1119 3552 Formiii
1139 3500 1208 3553 aber
1217 3499 1295 3554 mind

185 3588 320 3653 1‚25‚ain
331 3586 472 3655 Einklang
481 3589 641 3657 zahringen
651 3589 762 3643 suchen.
804 3585 912 3654 6nge
929 3584 1071 3649 brsuehte,
1100 3600 1130 3638 so
1157 3584 1234 3637 kann
1260 3599 1288 3636 er

186 3697 219 3707 —
235 3673 338 3721 missam
359 3669 564 3738 feci]=dimisi
588 3674 688 3741 gehdrt
714 3673 764 3727 der
805 3672 864 3724 erst
889 3685 934 3721 am
959 3670 984 3722 9.
1005 3666 1083 3720 Miirz
1110 3666 1289 3737 gesehriebeu

187 3753 389 3822 Volkssprsehe
407 3771 442 3807 sn
455 3755 764 3811 undistmiiit‘driseher
805 3753 869 3806 dem
886 3753 968 3820 Tage,
1003 3768 1038 3803 sn
1065 3750 1130 3804 dem
1156 3749 1242 3804 Giissr
1267 3749 1294 3802 di

186 3836 349 3891 Terminus:
374 3836 521 3906 Pompejus
549 3842 609 3894 Ait.
632 3840 704 3907 VIII,
725 3844 763 3908 12,
807 3839 942 3905 legerung
967 3851 1021 3888 von
1040 3833 1222 3887 Brundisium
1239 3831 1295 3886 eriit

186 3920 351 3990 B2sogar:
369 3930 398 3970 ur
416 3923 532 3988 cohortis,
550 3941 615 3989 qaae
625 3942 657 3975 ee
669 3925 763 3975 Piceno
806 3920 903 3973 zudem
937 3922 1001 3987 sagi
1026 3918 1113 3971 cesar
1144 3917 1185 3970 im
1209 3916 1295 3970 Briefe

187 4012 212 4054 et
231 4005 365 4056 Camerino
382 4014 508 4056 venerant
586 4008 622 4057 ad
638 4025 676 4058 me
690 4025 714 4058 m
724 4010 763 4059 is·
806 4003 963 4058 driieklieh:
981 4021 1037 4055 eum
1056 4041 1062 4054 .
1081 4041 1087 4053 .
1107 4042 1113 4054 .
1131 4020 1210 4055 essem
1227 4004 1257 4053 in
1273 4003 1295 4051 io

186 4104 258 4137 sum
276 4088 384 4153 fue-ias;
411 4088 464 4142 cie.
493 4088 563 4143 Phil.
590 4090 622 4157 V,
650 4092 683 4143 53
714 4091 763 4155 (im
839 4106 892 4140 meo
909 4083 1044 4152 commodo]
1057 4084 1130 4137 nach
1140 4085 1295 4138 meinerBe

188 4169 441 4239 Sohlusssntrsge):
463 4190 556 4239 easque
573 4175 683 4240 lepiooes
702 4174 764 4224 bello
806 4170 929 4237 liohkeit,
938 4186 967 4223 so
977 4169 1029 4222 wie
1038 4169 1083 4222 ieh
1092 4185 1121 4222 es
1128 4169 1290 4237 gewimseht

189 4256 300 4319 conferto
318 4256 405 4306 masas
416 4257 480 4322 fleri
490 4258 607 4322 plasme,-
616 4256 687 4311 Cael.
699 4257 764 4309 fam.
806 4283 838 4290 -
848 4256 884 4306 od
894 4251 1184 4320 ardemICiissrdurIte
1190 4251 1295 4306 slsProI

189 4337 262 4405 VIII,
271 4340 294 4403 8,
305 4342 321 4391 7
331 4338 390 4404 (eus
402 4341 492 4393 einem
504 4339 764 4408 Senatsprotokoll):
806 4338 864 4391 und
883 4338 1039 4404 Imperator
1052 4336 1105 4390 wie
1115 4334 1214 4390 Ciosro
1226 4334 1293 4389 Rom

188 4425 232 4489 qui
251 4440 336 4473 eorum
354 4424 764 4488 stipendiaemeritaautcausas,
807 4420 942 4475 betreten.
959 4450 992 4458 -
1009 4422 1053 4473 Ad
1074 4439 1153 4489 prop.
1172 4416 1295 4487 ramur]

176 4508 275 4574 qur'bus
292 4508 325 4561 de
343 4509 430 4562 eausa
439 4509 511 4562 missi
523 4508 585 4577 fieri
595 4507 767 4575 deberetis-
806 4503 1108 4558 unserz‘Nooheinmal
1118 4506 1133 4559 1²
1152 4502 1215 4560 Von
1231 4502 1295 4559 seius
