2602 4890
116 191 176 254 342
590 188 635 243 Ad
652 188 717 243 lom.
731 189 792 255 VH,
809 192 834 244 3.
1201 188 1293 259 [unse

114 354 204 420 nulla
234 353 388 420 adiuncta
417 359 467 418 est
487 352 668 437 turpitudo,
700 354 787 420 addo
809 354 917 435 etiem,
948 374 1021 419 curn
1044 374 1085 421 ea
1105 353 1187 421 urbe
1202 372 1298 437 musas,

113 456 148 520 in
179 476 244 540 qua
265 454 347 518 nihil
368 455 418 535 sit,
448 453 536 537 quod
557 453 667 519 videre
687 455 790 538 possis
812 454 881 519 sine
903 454 1033 521 dolore:
1067 474 1129 537 ego
1150 474 1220 519 oum
1237 476 1281 519 nr:

115 594 157 604 -
187 558 213 620 si
244 555 417 639 quicquam
438 574 523 619 nunc
544 556 734 638 cuiusquam
756 561 805 619 est
827 592 868 605 -
890 556 988 620 etiam
1008 556 1042 619 in
1064 555 1145 621 meis
1166 574 1231 620 esse
1247 576 1299 621 mu·

73 663 90 715 4
116 658 170 723 lui.
213 656 301 735 Quae
323 654 516 733 acciderunt,
538 656 647 720 omnia
667 654 735 720 dixi
756 655 887 735 futura3
912 656 984 721 veni
1006 656 1150 734 domum,
1172 676 1234 722 non
1252 676 1294 739 qn

115 758 239 841 optima
267 754 394 820 vivendi
416 753 562 820 condicio
583 760 673 835 esset,
705 754 761 820 sed
785 762 904 836 tamen,
933 755 963 819 si
984 761 1068 820 esset
1090 755 1201 839 aliqua
1220 755 1301 821 1οι1

114 860 160 923 rei
181 856 340 941 publicae,
365 862 533 938 tamquam
554 857 588 919 in
610 856 719 937 patria
741 861 779 921 ut
800 875 913 933 essem,
935 856 963 921 si
980 855 1081 934 nulla,
1104 856 1289 940 tamquam’

114 959 233 1024 exsilio.
276 957 413 1022 Mortem
436 956 513 1019 mihi
535 975 593 1019 cur
614 955 852 1035 consciscerem,
883 976 982 1021 causa
1002 977 1066 1021 non
1091 956 1159 1021 visa
1180 962 1236 1036 est,
1268 985 1292 1011 ιι

115 1064 271 1143 optarem,
294 1056 417 1121 multae
440 1074 575 1134 causae,
597 1060 689 1120 vetus
710 1060 759 1120 est
780 1056 882 1120 enim:
905 1056 960 1121 ubi
981 1077 1046 1121 non
1062 1056 1117 1136 sis,
1140 1056 1198 1141 qui
1215 1057 1259 1121 lu
1290 1106 1291 1111 ι

114 1180 179 1225 ιιοιι
200 1179 277 1239 esse,
300 1178 358 1222 cur
378 1156 456 1221 velis
477 1157 590 1222 vivere.
634 1154 696 1222 Sed
717 1161 825 1222 tamen
848 1176 963 1222 vacare
985 1156 1080 1239 culpa
1102 1178 1253 1240 magnum
1277 1189 1301 1212 ·.1

114 1260 279 1338 solacium,
310 1258 497 1341 praesertim
528 1277 602 1320 cum
629 1256 769 1322 habeam
791 1256 873 1322 duas
893 1277 955 1335 res,
986 1258 1104 1341 quibus
1125 1278 1178 1322 me
1199 1278 1251 1323 sus
1272 1288 1288 1314 :r

113 1366 190 1439 tem,
213 1358 409 1441 optimarum
431 1357 551 1421 artium
572 1357 739 1421 scientiam
761 1362 793 1422 et
814 1357 1028 1422 maximarum
1049 1378 1159 1423 rerum
1176 1357 1266 1440 glori
1282 1386 1290 1413 ι

114 1480 251 1545 quarum
283 1457 387 1523 altera
415 1457 496 1521 mihi
518 1457 589 1522 vivo
611 1478 789 1540 numquam
811 1458 976 1542 eripietur,
1007 1458 1113 1524 altera
1134 1480 1175 1525 ne
1196 1480 1248 1525 mo

114 1561 252 1644 quidem.

73 1670 90 1723 5
198 1659 287 1724 Haec
304 1658 346 1723 ad
363 1665 396 1724 te
413 1658 525 1741 scripsi
543 1658 709 1724 verbosius
726 1665 760 1722 et
777 1658 838 1723 tibi
852 1658 1006 1723 molestus
1023 1658 1081 1739 fui,
1099 1657 1188 1741 quod
1206 1664 1239 1723 te
1251 1677 1277 1721 c·
1289 1691 1296 1708 ι

115 1761 185 1839 mei,
206 1767 276 1825 tum
299 1760 344 1824 rei
365 1759 516 1842 publicae
537 1759 671 1842 cognovi
693 1758 961 1824 amantissimum.
1005 1758 1128 1823 Notum
1150 1759 1213 1823 tibi
1230 1778 1299 1823 omn

114 1881 220 1925 meum
231 1861 398 1926 consilium
413 1880 480 1923 esse
498 1858 594 1939 volui,
609 1865 647 1924 ut
664 1861 805 1943 primum
819 1860 916 1924 scires
930 1880 981 1924 me
994 1879 1173 1942 numquam
1189 1859 1240 1923 vol
1274 1886 1298 1913 :12

114 1962 186 2044 plus
201 1981 393 2044 quemquam
409 1981 501 2043 posse
516 1961 806 2042 quamuniversam
817 1980 885 2025 rem
899 1960 1074 2043 publicam,
1088 1964 1204 2042 postea
1215 1979 1255 2023 au
1275 1986 1296 2012 w

114 2082 212 2146 quam
233 2062 368 2127 alieuius
391 2062 487 2144 culpa
508 2067 639 2126 tantum
661 2061 783 2127 valeret
803 2083 897 2142 unus,
920 2070 957 2127 ut
980 2060 1096 2127 obsisti
1117 2080 1182 2124 non
1205 2080 1287 2142 ·po::2

113 2183 164 2227 me
182 2162 320 2227 voluisse
337 2181 464 2245 pacem;
483 2163 600 2228 amisso
618 2165 761 2229 exercitu
779 2171 811 2228 et
828 2185 867 2229 eo
884 2164 976 2242 duce,
993 2162 1109 2244 inquo
1127 2181 1201 2244 spes
1218 2161 1260 2225 lu
1298 2185 1301 2196 ι

115 2282 188 2339 uno,
212 2283 261 2326 me
279 2263 416 2328 voluisse
434 2263 531 2329 etiam
550 2263 683 2347 reliquis
701 2263 861 2343 omnibus,
878 2270 1051 2347 postquam
1068 2282 1135 2327 non
1153 2268 1244 2345 potu
1279 2288 1287 2310 ι

114 2362 277 2445 mihiipsi
298 2363 394 2427 finem
415 2363 527 2429 fecisse
548 2364 644 2443 belli;
667 2386 753 2429 nunc
776 2371 895 2444 autem,
917 2364 945 2428 si
962 2364 1043 2429 haec
1063 2363 1177 2428 civitas
1199 2356 1299 2439 estu'-

115 2482 184 2526 vem
207 2482 275 2526 esse
297 2484 357 2541 me,
378 2465 498 2542 sinon,
519 2463 659 2529 exsulem
680 2484 749 2529 esse
770 2485 834 2530 non
855 2463 1106 2530 incommodiore
1124 2464 1206 2541 loco,
1223 2476 1299 2545 quun

73 2564 142 2630 usi
169 2562 317 2627 Rhodum
344 2585 392 2627 me
427 2571 485 2628 aut
511 2563 684 2648 Mytilenas
711 2565 924 2630 contulissem.
966 2564 1055 2629 Haec
1077 2570 1185 2628 tecum
1213 2576 1298 2627 corun

135 2835 171 2885 Χ4.
196 2836 268 2886 Vetus
286 2832 329 2900 est]
348 2851 375 2886 es
392 2834 431 2886 ist
448 2834 494 2886 ein
508 2832 698 2901 altesSprich·
739 2833 798 2886 und
823 2831 1026 2887 Wissenschalt
1052 2832 1239 2886 unziobenden
1264 2828 1299 2883 du·

113 2921 200 2979 wort;
226 2917 327 2969 ebenso
354 2934 405 2984 pro
428 2917 538 2983 Quina.
556 2920 606 2983 553
631 2918 697 2970 voll·
739 2915 902 2970 fluobtsort:
920 2932 963 2983 ep.
983 2917 1039 2975 100,
1058 2918 1082 2968 4.
1118 2916 1156 2969 Μ.
1173 2915 1300 2969 Marcello·

113 3001 227 3070 standig
245 3001 289 3053 bei
307 3000 368 3053 Ter.
386 3001 502 3067 Adelph.
521 3001 553 3067 V,
571 3003 595 3066 3,
613 3004 645 3055 17
662 3021 695 3044 =
738 3019 760 3053 z.
778 3000 808 3053 B.
827 3001 907 3054 hatte
924 3000 978 3068 (ep.
988 2998 1032 3067 98)
1043 3000 1182 3068 Mytilene
1192 2998 1300 3069 gewibll.

112 3084 173 3137 803:
190 3094 261 3136 vaus
277 3087 381 3137 verboru
397 3087 442 3137 tor
458 3088 589 3154 quidemst.
624 3084 694 3154 th.
737 3083 800 3153 Vgl.
828 3083 893 3137 Hor.
918 3100 1003 3137 carm.
1022 3084 1041 3150 1,
1060 3087 1083 3150 7,
1104 3087 1136 3137 1:
1163 3085 1263 3135 Laod

113 3166 175 3219 Stil.
193 3171 234 3233 21,
252 3185 277 3231 u,
295 3172 318 3229 l,
338 3173 360 3221 1.
377 3197 410 3206 -
428 3172 472 3221 obi
488 3189 541 3222 non
566 3172 616 3222 sis.
627 3210 647 3222 ..
658 3171 695 3221 oi-
738 3169 785 3218 alii
802 3169 900 3218 olorum
918 3167 1030 3218 Rhodon
1047 3176 1094 3217 aut
1110 3166 1260 3234 Mytilenen.

112 3250 618 3317 cere]wahrscheinlichtrochiisober
631 3251 696 3320 Sep·
770 3252 794 3304 6.
812 3249 909 3319 corom]
932 3250 981 3304 das
1000 3281 1030 3289 -
1049 3252 1102 3304 wie
1128 3251 1200 3305 auch
1225 3270 1257 3304 zu

113 3338 195 3385 tener
212 3351 261 3386 aus
283 3336 373 3388 einum
395 3337 471 3388 alten
490 3336 694 3390 dramatischen
739 3335 838 3385 litteras
855 3365 886 3372 -
905 3352 938 3387 zu
956 3334 1131 3402 erginuonde
1149 3334 1266 3388 Verbum

112 3414 242 3481 Dichter;
269 3419 464 3486 urspriinglich
492 3419 575 3486 (nach
601 3420 697 3475 Fleck·
737 3418 816 3486 giebt
833 3416 892 3470 sich
910 3416 995 3471 leioht
1012 3435 1062 3471 aus
1080 3419 1146 3471 dem
1154 3416 1291 3485 sionem

113 3500 215 3565 eisen):
738 3500 797 3554 Mil.
814 3503 863 3554 99:
881 3502 945 3551 baec
966 3510 996 3550 tu
1020 3518 1119 3552 meorum
1143 3518 1227 3566 saepe.
1266 3498 1301 3551 Dr·

145 3586 188 3635 aba·
205 3603 257 3634 non
275 3587 317 3646 eir,
335 3588 380 3651 qui
394 3590 490 3652 fuera,
517 3607 570 3640 non
596 3597 633 3640 ert
650 3591 697 3639 etr
738 3584 941 3653 Lebendigkeit
970 3584 1028 3637 und
1055 3584 1247 3653 Fliicbtigkeit
1269 3582 1296 3635 dr

195 3670 258 3719 velis
275 3670 310 3719 ibi
327 3674 428 3722 stum:
738 3667 894 3737 Umgongs·
911 3668 968 3721 und
986 3667 1181 3736 Brielsprache
1200 3664 1295 3722 liebtd'

113 3769 155 3805 wo
173 3769 238 3805 man
256 3771 309 3805 von
324 3754 372 3807 der
390 3753 468 3809 Hdhe
487 3753 696 3808 einereinfluss·
736 3751 842 3820 Ellipse
859 3751 907 3804 des
926 3751 1071 3813 Verbums,
1095 3754 1188 3806 zumal
1214 3768 1256 3805 wo
1270 3750 1297 3803 d-

112 3836 221 3890 reichen
233 3835 358 3905 Stellung
377 3837 590 3905 herabgestiirzt
604 3838 649 3905 ist,
659 3838 695 3890 da
737 3836 981 3904 Zusammenhang
998 3835 1282 3890 dissererkennenls
1299 3856 1301 3868 ·

113 3919 162 3972 bat
196 3938 260 3973 man
288 3920 388 3974 keinen
415 3919 528 3985 Grund,
560 3921 617 3974 sich
649 3924 695 3975 ein
736 3921 822 3973 solbat
848 3921 877 3972 in
896 3919 1088 3973 Nebensitzen
1114 3918 1290 3973 ensaemrden

113 4003 238 4071 lingeret
257 4004 349 4057 beben
366 4022 399 4056 zu
417 4004 573 4057 wiinschen.
605 4024 695 4055 -ro-
736 4003 951 4071 lich3Niig.St.
971 4002 1295 4069 183,1;bes0nderrrin

114 4086 271 4155 rorecnlpn]
289 4090 345 4156 vgl.
363 4105 406 4156 ep.
426 4090 481 4145 108,
498 4090 531 4151 4;
549 4105 593 4155 ep.
604 4091 660 4145 109,
670 4092 695 4142 2,
738 4087 829 4140 Verba
847 4089 960 4151 dicerrdr',
987 4087 1080 4141 Verba
1105 4088 1157 4141 der
1173 4088 1297 4155 Beuepmr

145 4170 170 4223 5.
185 4170 306 4239 primum]
325 4192 357 4225 zu
375 4190 419 4240 ep.
437 4174 461 4231 6,
479 4175 502 4226 8.
521 4199 553 4209 -
571 4172 694 4237 alicuius]
737 4172 795 4225 und
812 4171 861 4225 des
878 4172 1040 4222 Genetetens
1066 4189 1101 4225 zu
1118 4174 1293 4241 ergdnzenr·

112 4253 268 4320 Pompeius.
288 4284 316 4292 -
336 4258 413 4306 etiam
437 4256 544 4321 reliquis
569 4253 693 4322 omnibus]
736 4255 824 4305 ridere
841 4271 883 4322 ep.
903 4258 943 4321 11,
960 4256 994 4321 53
1019 4258 1061 4320 83,
1076 4256 1111 4317 ὅς
1133 4256 1181 4310 eiu
1201 4254 1296 4308 verbu

111 4336 206 4391 Dativ.
249 4338 310 4406 vgl.
336 4356 379 4406 ep.
405 4342 445 4392 80.
464 4341 488 4391 3.
514 4367 546 4375 -
572 4338 694 4389 Rhodum
735 4338 856 4390 dicendi:
882 4354 926 4406 ep.
954 4342 994 4406 11,
1011 4342 1045 4405 2;
1070 4341 1133 4392 Art.
1158 4337 1232 4405 xv1,
1247 4337 1299 4399 7,0

112 4430 159 4470 uu!
179 4420 329 4489 llyu'lerroo]
347 4423 428 4477 beide
445 4424 540 4492 gulten
556 4422 602 4476 fiir
610 4422 692 4475 einen
735 4424 797 4472 berre
814 4423 894 4487 lpitur
911 4425 1003 4488 tu‚qur'
1020 4421 1196 4479 soumarias
1207 4420 1294 4491 (lond

105 4503 210 4559 ebenso
240 4506 388 4563 reizenden
415 4508 458 4561 als
486 4506 574 4562 durch
600 4505 694 4560 Kunst
732 4506 897 4572 praedicarlf
914 4504 989 4572 XVI,
1006 4508 1031 4573 3,
1048 4507 1082 4559 32
1107 4516 1236 4575 arpalo,
1255 4520 1286 4571 q·
