2602 4890
112 172 173 235 464
478 178 483 187 “
598 172 642 225 Ad
659 172 726 225 ism.
743 170 778 238 X,
795 173 836 225 15.
1170 173 1202 243 [a

110 335 274 421 publicam
297 336 410 419 putavi
432 337 600 419 pertinere.
643 336 805 403 Sedulitas
827 358 910 417 mea,
942 343 980 403 ut
1002 361 1107 422 spero,
1129 347 1159 405 et
1176 364 1200 406 m

111 436 159 501 rei
189 434 340 518 publicae
371 436 448 501 tulit
481 437 641 503 fructum:
677 459 817 521 namque
848 438 993 503 adsiduis
1015 440 1202 508 internuntiis

111 536 236 620 Lepido
258 538 318 618 egi,
341 543 378 603 ut
396 540 513 603 omissa
530 541 617 604 omni
635 539 842 604 contentione
859 540 1135 624 reconciliataque
1150 543 1202 607 rob

111 642 227 703 nostra
248 638 409 702 communi
431 640 562 705 consilio
584 641 631 704 rei
653 639 803 723 publicae
821 648 1035 721 succurreret,
1058 662 1101 721 se,
1123 643 1202 708 liber(

110 739 250 822 bemque
272 740 375 822 pluris
398 759 497 821 quam
519 760 619 804 unum
641 740 804 823 perditum
828 741 1056 825 abiectumque
1076 743 1202 808 latroner

112 845 197 903 taret
220 839 441 921 obsequioque
462 861 543 919 meo,
566 842 593 903 si
615 842 664 905 ita
686 840 815 917 faceret,
847 840 889 904 ad
912 862 1024 906 omnes
1046 863 1098 907 res
1119 844 1202 909 abutr

70 956 87 1007 2
113 940 254 1005 Proieci:
286 939 399 1020 itaque
429 960 486 1021 per
509 939 716 1004 Laterensem
748 941 983 1005 internuntium
1009 942 1108 1007 fidem
1128 945 1197 1008 mihi

112 1062 147 1106 se
176 1040 370 1116 Antonium·
394 1039 421 1103 si
451 1039 623 1121 prohibere
653 1039 818 1121 provincia
848 1061 910 1106 sua
940 1063 1005 1106 non
1036 1046 1194 1126 potuisset,

112 1146 374 1224 persecuturum
407 1161 467 1213 me,
499 1147 536 1204 ut
557 1142 698 1204 venirem
721 1141 895 1223 copiasque
917 1143 1155 1226 coniungerem,
1173 1167 1202 1211 rc

112 1263 213 1324 eoque
245 1242 356 1322 magis,
388 1241 477 1322 quod
508 1246 540 1304 et
561 1240 722 1305 Antonius
754 1240 796 1306 ab
827 1241 976 1323 equitatu
1008 1242 1120 1310 firmus
1146 1266 1202 1311 esse

110 1348 212 1413 batur
243 1349 275 1407 et
307 1341 445 1423 Lepidus
476 1363 517 1405 ne
548 1341 742 1406 mediocrem
778 1341 909 1424 quidem
941 1344 1126 1425 equitatum
1154 1346 1202 1411 hal

111 1467 186 1511 nam
208 1443 307 1507 etiam
330 1463 370 1505 ex
391 1443 556 1525 paucitate
578 1443 645 1507 eius
667 1464 731 1507 non
755 1444 865 1507 multis
888 1452 964 1508 ante
986 1444 1103 1510 diebus
1124 1446 1202 1512 decer

112 1546 226 1630 optimi
248 1543 396 1622 fuerant,
427 1543 468 1607 ad
499 1563 549 1607 me
580 1543 789 1608 transierunt.
833 1542 955 1620 Quibus
977 1545 1077 1609 rebus
1100 1567 1157 1628 ego
1176 1569 1202 1612 cc

112 1650 283 1711 cunctatus
314 1663 379 1706 non
409 1662 497 1706 sum:
538 1643 571 1705 in
603 1663 698 1706 cursu
731 1642 892 1707 bonorum
923 1645 1133 1711 consiliorum
1160 1647 1202 1730 Le]

68 1769 85 1819 3
113 1745 329 1814 adiuvandum
350 1744 472 1825 putari.
514 1744 680 1808 Adventus
702 1764 793 1807 meus
811 1744 891 1827 quid
908 1745 1115 1828 profecturus
1131 1755 1202 1813 esset

111 1847 162 1912 vel
184 1844 272 1929 quod
295 1845 444 1926 equitatu
464 1865 534 1908 meo
551 1845 704 1926 persequi
725 1850 825 1927 atque
844 1846 1027 1927 opprimere
1049 1848 1202 1930 equitatur

74 1997 83 2013 .
112 1968 256 2033 possem,
287 1946 337 2010 vel
359 1946 447 2028 quod
470 1946 629 2010 exercitus
651 1945 764 2028 Lepidi
786 1966 857 2011 earn
879 1955 1023 2030 partem,
1056 1971 1138 2034 quae
1162 1971 1202 2015 cor

113 2057 161 2116 est
182 2056 215 2114 et
236 2048 277 2112 ab
299 2069 334 2112 re
357 2045 489 2129 publica
511 2047 662 2127 alienata,
686 2053 719 2110 et
736 2049 899 2129 corrigere
920 2054 953 2111 et
971 2054 1119 2115 coercere
1134 2071 1202 2133 prae

112 2151 176 2216 mei
198 2148 357 2214 exercitus
378 2167 510 2228 possem.
554 2145 670 2229 Itaque
692 2147 726 2210 in
749 2146 858 2225 Isara,
889 2145 1022 2213 flumine
1045 2152 1193 2228 maximo,

112 2253 145 2315 in
167 2250 287 2313 finibus
304 2253 353 2312 est
371 2246 594 2328 Allobrogum,
616 2251 715 2328 ponte
734 2268 797 2311 uno
815 2247 867 2311 die
884 2246 971 2313 facto
990 2252 1165 2315 exercitum
1184 2272 1202 2315 a

113 2353 190 2416 Idus
213 2350 317 2415 Maias
339 2348 480 2413 traduxi.
524 2346 606 2411 Cum
628 2369 703 2413 vero
734 2347 814 2411 mihi
845 2349 1033 2413 nuntiatum
1056 2357 1140 2415 esset
1160 2351 1190 2414 L.

112 2454 202 2516 nium
224 2450 434 2533 praemissum
466 2469 538 2512 cum
569 2449 733 2530 equitibus
765 2455 797 2513 et
820 2449 1010 2514 cohortibus
1037 2451 1080 2514 ad
1102 2452 1202 2516 Forun

113 2552 243 2628 venisse,
267 2552 403 2616 fratrem
426 2571 498 2614 cum
521 2550 665 2631 equitum
684 2554 841 2631 quattuor
859 2549 998 2628 milibus,
1021 2558 1058 2614 ut
1081 2573 1202 2616 occurre

34 2675 37 2682 ·
114 2654 185 2717 misi
208 2674 235 2717 a.
258 2651 286 2714 d.
308 2673 336 2716 v.
358 2651 434 2714 ldus
457 2648 578 2726 Maias;
611 2649 679 2731 ipse
701 2649 849 2712 maximis
871 2650 1042 2714 itineribus
1065 2672 1138 2716 cum
1160 2675 1202 2735 qu

113 2754 294 2836 legionibus
316 2751 473 2833 expeditis
496 2756 528 2813 et
550 2749 678 2831 reliquo
700 2752 847 2832 equitatu
871 2750 1059 2833 subsequar.

70 2880 87 2929 4
196 2854 229 2918 Si
260 2874 318 2917 nos
348 2850 515 2915 mediocris
540 2851 635 2915 modo
666 2852 798 2916 fortuna
828 2854 875 2914 rei
906 2853 1055 2935 publicae
1086 2854 1202 2918 adiuva:

114 2954 268 3019 audaciae
291 2951 491 3034 perditorum
515 2958 547 3015 et
573 2955 706 3015 nostrae
735 2952 964 3017 sollicitudinis
987 2953 1040 3016 hic
1062 2954 1160 3017 finem
1181 2977 1202 3017 ιι

113 3075 201 3133 mns;
233 3053 318 3136 quod
349 3053 377 3115 si
407 3052 491 3116 latro
522 3051 730 3133 praecognito
759 3058 871 3117 nostro
899 3052 1040 3118 adventu
1063 3055 1202 3118 rursusi

112 3156 189 3220 liam
211 3175 245 3217 se
267 3153 408 3235 recipere
431 3153 589 3234 coeperit,
620 3152 715 3215 Bruti
742 3153 804 3216 erit
826 3152 969 3217 officium
997 3174 1202 3219 occurreres

113 3257 178 3320 scio
201 3275 260 3318 neo
282 3253 451 3318 consilinm
482 3273 540 3316 nec
563 3254 706 3316 animum
738 3251 944 3330 defuturum;
977 3273 1036 3334 ego
1070 3258 1200 3333 tamen,

113 3356 277 3432 acciderit,
300 3355 433 3417 fratrem
456 3374 529 3416 cum
551 3353 700 3435 equitatu
723 3352 862 3431 mittam,
884 3353 941 3435 qui
959 3360 1130 3435 sequatur,
1154 3355 1202 3419 lta

112 3457 294 3522 vastatione
318 3454 479 3518 defendat.
523 3453 587 3516 Fac
611 3454 717 3516 valeas
739 3473 853 3534 meque
876 3457 990 3517 mutuo
1013 3452 1147 3537 diligas.

112 3599 116 3604 ,
125 3597 219 3604 ---
423 3595 494 3600 .......-.
509 3595 527 3600 .-

111 3662 190 3715 chem
208 3660 257 3713 der
274 3657 387 3725 unsrige
409 3658 449 3709 als
474 3657 520 3708 ein
538 3655 693 3722 Postscript
734 3654 790 3707 lich
816 3672 908 3723 genug
935 3654 1111 3709 erscheinen.
1137 3686 1172 3695 -
1197 3703 1202 3709 .

112 3766 145 3800 au
163 3743 330 3799 betrachten
348 3742 401 3793 ist:
420 3758 440 3792 s.
459 3740 505 3792 die
520 3739 593 3791 Einl.
606 3757 638 3791 zu
649 3755 693 3805 ep.
735 3737 819 3805 niam]
838 3739 886 3791 der
901 3738 1018 3807 jiingste
1036 3737 1151 3795 Bruder
1177 3743 1202 3795 dr

112 3833 169 3884 147.
186 3859 218 3869 -
231 3827 346 3880 adsiduis
360 3821 537 3889 internuntiis]
557 3821 620 3876 Abl.
635 3823 692 3875 abs.
736 3840 791 3876 cus.
811 3850 841 3859 -
860 3824 963 3873 Forum
980 3820 1057 3889 Iulii]
1077 3823 1152 3890 jelzt
1178 3826 1200 3879 F

112 3943 145 3950 -
164 3907 321 3976 abuteretur]
340 3927 373 3961 zu
392 3925 436 3974 ep.
456 3911 495 3972 17,
513 3906 651 3972 2und89‚
668 3907 692 3960 5.
734 3905 880 3974 sahseqnor]
899 3922 953 3959 von
971 3905 1202 3964 derAusfiihrun

146 3999 169 4048 2.
188 3999 219 4047 ab
237 3997 351 4062 equitatu
362 3991 466 4060 firmas]
485 4009 518 4043 zu
535 4007 579 4057 ep.
598 3992 655 4056 143,
669 3992 692 4043 6.
737 3989 855 4043 Absicht
873 3990 1015 4043 verlautet
1033 3988 1105 4042 aber
1124 3995 1202 4060 spite

146 4083 169 4133 3.
197 4082 337 4146 equitatum
365 4076 426 4141 eins]
454 4076 502 4127 des
538 4076 695 4136 Antonius;
737 4075 832 4128 mehrl

118 4167 205 4218 etwas
233 4160 390 4228 nacbl'dssig
408 4157 605 4227 ausgedriickt,
624 4157 694 4209 doch
770 4160 795 4211 4.
809 4156 984 4225 praecognito]
1011 4155 1063 4208 das
1083 4157 1202 4213 Verbun

113 4247 223 4299 mochte
242 4244 373 4297 eiusdem
391 4243 507 4297 Plancus
525 4239 596 4293 nach
622 4240 694 4312 dem,
737 4242 795 4294 sich
824 4241 903 4294 nicht
929 4240 974 4293 bei
993 4241 1103 4296 Cicero.
1133 4272 1166 4280 -
1196 4264 1202 4297 ι

115 4347 171 4383 was
198 4348 230 4381 zu
260 4329 373 4396 Anfang
400 4345 453 4381 von
475 4326 641 4394 §2gesagt
658 4328 695 4390 (se
738 4324 858 4393 Italiam]
877 4325 945 4379 iiber
965 4325 1016 4379 das
1035 4326 1202 4395 Asyndeton

112 4415 256 4467 Antoniam
268 4453 273 4466 .
285 4453 290 4463 .
303 4415 379 4465 ‚bello
385 4409 600 4478 persecuturum),
617 4410 694 4464 deut·
736 4411 761 4476 5,
778 4413 801 4463 8.
