2602 4890
57 204 113 275 79]
147 204 194 259 Ad
209 205 275 258 fam.
294 203 367 272 VIII,
386 205 425 258 16.
451 202 497 256 Ad
514 204 575 258 Ati.
591 201 627 270 X,
642 203 660 256 9
675 204 710 255 A.
735 202 779 255 Ad
795 202 861 257 fam.
878 200 913 268 11,
931 203 971 257 16.
1090 202 1150 266 299

55 372 127 451 prod
148 372 176 437 si
197 376 303 437 totum
332 369 394 435 tibi
425 367 620 453 persuadere
641 388 706 433 non
727 387 868 450 possum,
899 367 1024 446 saltem,
1056 366 1143 446 dum,
1172 369 1192 431 3.

60 473 100 538 de
130 472 296 556 Hispaniis
327 491 478 553 agamus,
508 469 626 547 scitur,
647 473 807 551 exspecta,
833 489 916 551 quas
944 468 1008 533 tibi
1036 467 1152 534 nuntio

55 578 89 638 tu
112 572 259 639 Caesaris
280 571 349 637 iore
370 574 506 635 nostras.
549 567 654 645 Quam
678 568 733 633 isti
754 589 843 651 spem
865 566 1008 634 habeant
1027 569 1153 634 amissis

55 673 125 751 niis,
146 673 270 752 nmcio;
300 670 387 753 qnod
407 690 504 753 porro
534 674 627 734 tuum
650 669 818 734 consilium
840 667 883 732 sit
904 668 947 733 ad
968 668 1153 751 desperatos

55 793 112 850 ere,
135 792 200 836 non
221 771 343 836 medius
364 769 460 835 fidius
480 771 614 853 reperio.
656 769 736 850 Hoc,
763 768 852 853 quod
873 774 911 834 tu
932 790 994 834 non
1017 768 1152 835 dicendo
1177 771 1196 822 4

66 871 267 953 significasti,
290 870 408 936 Caesar
437 870 587 936 audierat
618 891 664 949 ac,
695 870 792 935 simul
815 875 913 952 atque
937 870 1055 934 ›have‹
1085 869 1153 933 mih

65 971 186 1051 statim,
208 970 287 1054 quid
308 971 399 1035 dete
421 970 570 1049 audisset,
592 971 755 1054 exposuit:
778 970 893 1052 negavi
909 991 959 1035 me
976 971 1064 1050 scire,
1087 969 1153 1034 seid

55 1072 125 1137 rab
148 1092 184 1137 eo
205 1070 313 1154 petivi,
345 1076 382 1134 ut
412 1070 453 1135 ad
483 1075 516 1134 te
536 1070 664 1136 litteras
694 1072 846 1150 mitteret,
878 1071 994 1155 quibus
1015 1069 1153 1134 maxime

55 1171 245 1236 manendum
262 1171 454 1235 commoveri
475 1190 592 1253 posses.
631 1169 682 1234 Me
704 1190 812 1235 secum
831 1169 864 1234 in
883 1169 1072 1252 Hispaniam
1095 1168 1153 1233 du-

55 1293 123 1352 ram,
146 1271 206 1336 nisi
228 1271 275 1335 ita
295 1271 425 1351 faceret,
454 1290 514 1353 ego
535 1270 624 1353 prius
646 1290 744 1352 qnam
764 1269 808 1336 ad
828 1270 943 1335 urbem
963 1269 1153 1349 accederem,

54 1392 149 1454 mque
177 1391 269 1450 esses,
301 1370 341 1435 ad
370 1375 403 1434 te
432 1371 703 1452 percucurrissem
733 1375 766 1435 et
797 1371 859 1436 hoc
889 1392 909 1437 a
941 1376 973 1436 te
1004 1391 1154 1453 praesens

55 1471 187 1536 adissem
209 1476 306 1553 atque
329 1471 414 1535 omni
435 1471 467 1533 vi
487 1476 520 1534 te
542 1470 753 1536 retinuissem.
797 1471 906 1536 Etiam
928 1477 1026 1553 atque
1043 1473 1150 1553 etiam,
1179 1480 1202 1533 a

55 1594 75 1653 r,
98 1574 215 1655 cogita,
237 1592 277 1636 ne
293 1577 325 1636 te
342 1577 479 1654 tuosque
501 1570 604 1637 omnis
622 1570 770 1635 funditus
788 1577 922 1650 evertas,
944 1591 985 1635 ne
1002 1577 1035 1636 te
1052 1572 1153 1636 sciens

55 1692 161 1754 meque
181 1692 219 1737 eo
242 1669 403 1749 demittas,
425 1669 511 1734 unde
532 1670 653 1735 exitum
673 1670 761 1735 vides
782 1671 908 1735 nullum
940 1691 1017 1738 esse.
1059 1671 1154 1749 Quod

56 1778 114 1837 aut
134 1792 226 1837 voces
248 1773 453 1853 optimatium
478 1775 679 1836 commovent
699 1776 758 1836 aut
778 1792 844 1837 non
865 1771 1029 1837 nullorum
1050 1772 1154 1838 homi·

55 1871 260 1937 insolentiam
286 1876 319 1936 et
339 1871 546 1937 iactationem
568 1872 651 1935 ferre
680 1890 745 1936 non
775 1877 874 1954 potes,
906 1871 1007 1955 eligas
1040 1893 1153 1938 censeo

55 1971 90 2038 'sd
112 1970 262 2054 oppidum
284 1991 420 2037 vacuum
443 1992 462 2036 a
483 1971 581 2049 bello,
607 1971 683 2035 dum
704 1970 785 2036 haec
813 1971 1038 2052 decernuntur,
1069 1993 1153 2055 quae

55 2078 135 2138 runt
157 2072 310 2139 confecta.
346 2072 385 2136 Id
406 2073 432 2137 si
453 2072 576 2151 feceris,
598 2077 631 2137 et
652 2093 712 2156 ego
734 2077 767 2138 te
789 2072 950 2156 sapienter
971 2071 1082 2138 fecisse
1104 2072 1153 2136 iu-

55 2195 71 2239 o
93 2180 126 2238 et
148 2171 317 2238 Caesarem
339 2193 404 2237 non
426 2172 575 2238 offendes.

320 2338 463 2405 LXXIX.
485 2338 540 2423 (ad
562 2338 636 2404 fam.
658 2338 698 2419 Π,
724 2339 784 2424 16.)

116 2492 172 2546 Scr.
190 2492 219 2545 in
237 2492 359 2546 Cumano
376 2509 470 2546 mense
487 2491 562 2546 Maio
578 2491 694 2546 ineunte
711 2494 744 2545 A.
762 2491 796 2546 U.
813 2493 841 2547 0.
861 2495 911 2548 705
929 2493 992 2562 (49).

244 2624 285 2688 Μ.
308 2623 461 2690 CICERO
484 2624 569 2693 ΙΜΡ,
591 2625 620 2690 S.
642 2625 679 2688 D.
702 2624 864 2694 CAELIO.

55 2775 155 2858 lagno
177 2774 287 2840 dolore
309 2796 360 2840 me
382 2775 571 2841 adfecissent
591 2781 669 2840 tuae
685 2775 822 2856 litterae,
845 2776 906 2840 nisi
923 2776 988 2840 iam
1011 2780 1043 2841 et
1064 2776 1150 2841 ratio
1180 2776 1196 2826 1

55 3028 85 3080 hr
103 3028 318 3082 bezeichnendes
336 3028 498 3098 Wortspiel.
607 3033 630 3084 5.
649 3033 729 3083 scieas
759 3026 933 3098 prudensque]
959 3029 1155 3098 urspriinglich

55 3113 116 3175 tum}
135 3112 293 3180 iiberhaupt
311 3112 389 3165 nicht
406 3131 440 3165 zu
454 3113 532 3166 Pom·
571 3114 733 3182 juristische
742 3113 900 3167 Redensart
909 3113 1065 3181 (Landgraf
1071 3128 1091 3165 s.
1101 3116 1154 3167 cot.

55 3213 85 3247 zu
104 3195 201 3262 gehen.
227 3227 260 3234 -
288 3198 350 3248 dam
376 3195 462 3264 catur]
481 3198 532 3250 wie
574 3196 642 3264 318),
660 3197 743 3251 echon
761 3198 807 3250 bei
824 3196 1010 3250 Tereanun.
1028 3199 1075 3250 72:
1092 3215 1155 3263 prro·

66 3280 127 3330 dum
160 3281 221 3331 dccc
255 3281 440 3333 decernantur:
476 3279 531 3333 PA.
574 3283 636 3333 dena
652 3283 738 3346 aciem,
755 3283 826 3334 mour
842 3283 979 3348 memque
993 3297 1086 3346 peram·
1109 3278 1155 3332 bei

64 3363 88 3413 2.
106 3361 132 3413 b.
150 3360 200 3415 ES.
218 3365 275 3417 267.
292 3391 325 3400 —
341 3365 452 3431 quid...
471 3383 532 3430 opa-
574 3365 667 3419 Cicero
684 3380 726 3430 ep.
745 3367 801 3431 103,
819 3365 851 3416 6:
882 3365 999 3431 pmcdcna
1024 3373 1047 3415 ct
1064 3365 1159 3416 aciem:

55 3461 102 3497 uas
127 3445 178 3497 wir
200 3447 365 3500 ausrichten.
387 3478 415 3487 -
434 3446 533 3516 auctio]
576 3466 596 3501 s.
616 3448 696 3513 dort;
724 3464 776 3515 pro
792 3446 877 3500 Marc.
896 3449 944 3514 143
961 3445 1072 3501 Sueten.
1089 3447 1153 3500 Ner.

55 3528 128 3596 rdige
145 3528 188 3582 ich
199 3529 243 3582 dir
260 3531 419 3597 (gleichsam
429 3532 469 3585 als
479 3535 536 3584 Au·
575 3535 602 3586 2:
619 3534 735 3600 predam
751 3535 885 3593 canaam
903 3529 1004 3584 Seneca
1019 3546 1091 3583 cons.
1110 3528 1154 3582 ad.

55 3611 106 3663 veil
124 3611 169 3664 die
186 3612 272 3667 Sache
298 3631 327 3667 so
347 3620 399 3683 gut
416 3616 456 3667 als
475 3618 535 3666 ent·
574 3615 1085 3683 Marc.17,5:prademacicaaquc.-
1101 3632 1155 3665 coa

55 3695 146 3748 mist.
170 3725 204 3734 -
221 3700 335 3765 qaod...
353 3695 448 3765 romu]
477 3714 533 3751 was
574 3701 705 3752 undarum
722 3701 852 3752 dominum
865 3695 1034 3764 insolentiam]
1053 3697 1155 3763 sieges·

67 3779 217 3847 eigentlich
235 3781 316 3834 dabei
334 3781 442 3835 denkst.
576 3781 714 3835 trunlrene
739 3782 916 3851 iibermiitige
933 3780 1103 3835 C‘asarianer.
1123 3806 1151 3814 -

55 3861 97 3930 Γοι]
116 3863 255 3917 niimlich:
273 3864 335 3918 dass
354 3864 390 3918 du
408 3883 441 3917 zu
456 3864 534 3917 Pom·
574 3867 653 3932 clipea
670 3864 764 3934 censeo]
783 3885 816 3918 zu
834 3883 876 3934 ep.
894 3867 935 3919 65.
955 3893 983 3901 -
1002 3867 1055 3916 iam
1068 3860 1152 3929 cruat]

55 3947 141 4015 gehen
158 3948 285 4001 wolltest.
304 3976 333 3985 -
351 3945 532 4015 condicendo]
575 3949 657 4014 ‘bald
675 3949 811 4017 segleich'.

65 4030 196 4098 dadurch,
214 4032 275 4085 dass
293 4033 329 4084 du
340 4049 367 4083 es
377 4031 455 4085 nicht
473 4048 533 4084 aus·

57 4117 100 4180 st3
117 4115 191 4167 siche
208 4114 223 4181 ἓ
239 4117 265 4167 l:
282 4134 361 4183 acqcae
378 4135 430 4167 noa
447 4126 532 4168 tomen
607 4114 732 4170 LXXIX.
752 4117 881 4167 Antwort
899 4113 949 4166 auf
959 4112 1153 4179 Ciilius'Brief,

55 4201 155 4250 comati
180 4227 212 4236 -
237 4198 310 4266 icoc]
345 4199 440 4266 ‘guten
465 4198 532 4267 Tag,
574 4197 801 4254 wahrscheinlich
818 4196 909 4265 gleich
927 4196 997 4248 nach
1016 4197 1078 4249 dem
1088 4197 1153 4250 Em·

59 4281 193 4350 Morgen’.
228 4310 261 4319 —
282 4285 381 4336 litteras
414 4281 531 4350 mirarer]
574 4284 661 4352 pfang
693 4280 836 4335 desselben
865 4279 1058 4348 geschrieben:
1087 4298 1153 4333 man

71 4364 179 4418 schrieb
214 4365 273 4418 ihm
308 4366 377 4420 auch
405 4366 530 4419 wirklich
574 4365 690 4420 beachte
706 4365 751 4418 die
759 4364 930 4417 eririinstelte
940 4362 1028 4429 Ruhe,
1036 4364 1091 4416 mit
1103 4364 1154 4417 der

55 4466 115 4516 vegs
149 4449 203 4502 den
237 4449 306 4503 noch
336 4450 531 4504 vorhandenen
574 4449 628 4503 Cic.
647 4448 710 4501 dem
735 4447 873 4515 jiingeren
891 4444 994 4498 Manne
1011 4465 1044 4499 zu
1065 4447 1153 4514 impo-

55 4536 108 4587 ttt.
126 4536 167 4587 10.
185 4535 210 4600 8,
228 4533 259 4585 B.
573 4532 673 4588 nieren
698 4532 791 4587 sucht.
836 4531 882 4584 tn
902 4529 1016 4584 Atticus
1040 4528 1173 4582 scuram&
