2602 4890
182 194 241 257 m
355 220 359 227 -
687 189 892 259 mmai
1267 188 1292 261 p

174 378 249 422 esse
270 363 302 422 et
323 356 485 421 numerari
507 354 588 434 vele,
607 360 639 419 et
657 356 817 423 sententia
834 363 867 423 et
884 358 1032 423 voluntas
1049 354 1292 421 mutataessei

176 457 214 521 id
245 459 329 522 enim
358 456 448 521 iubet
476 454 561 520 idem
578 455 632 520 ille
653 455 766 536 Plato,
796 478 895 540 quem
916 478 973 541 ege
995 456 1201 522 vehementer
1225 474 1292 521 aue

176 577 306 641 sequor,
331 561 478 621 >tantum
500 554 694 620 contendere
715 557 749 621 in
770 577 805 621 re
826 556 967 640 publiea,
989 561 1150 640 quantum
1166 554 1291 639 prober

178 656 304 722 civibus
325 655 445 739 possis3
472 654 538 718 vim
560 674 664 738 neque
685 657 811 751 parenti
831 676 891 722 nee
912 656 1039 740 patriae
1060 655 1188 722 adferre
1211 675 1292 740 opor

180 759 287 839 Atque
316 756 399 821 hane
428 755 555 839 quidem
580 755 634 821 ille
656 776 786 822 eausam
806 756 868 821 sibi
888 756 937 822 ait
954 776 1019 821 nou
1037 755 1251 837 attingendae
1268 777 1292 819 ri

179 856 285 922 blieae
307 855 416 934 fuisse,
438 855 536 938 quod,
559 875 632 919 cum
655 855 839 922 offendisset
860 855 1014 939 populum
1038 856 1269 921 Atheniensem

179 957 246 1021 iam
267 955 477 1039 desipientem
498 959 661 1020 senectute
682 976 820 1038 eumque
841 976 914 1021 eum
935 976 994 1021 nee
1013 955 1240 1039 persuadendo
1262 978 1292 1021 nr

176 1055 284 1137 gendo
306 1055 376 1139 regi
398 1075 491 1138 posse
512 1054 660 1135 vidisset,
686 1075 760 1120 enm
790 1055 975 1138 persuaderi
996 1075 1089 1139 posse
1110 1055 1289 1135 diffideret,

180 1157 231 1224 fas
257 1176 325 1221 esse
353 1176 418 1221 non
441 1155 667 1222 arbitraretur.
710 1154 784 1221 Mea
804 1156 889 1221 ratio
911 1155 974 1221 fuit
995 1156 1070 1236 alia,
1100 1156 1189 1240 quod
1211 1178 1292 1241 nequ

177 1259 317 1341 sipiente
335 1257 456 1340 popule
473 1277 531 1322 nee
547 1257 676 1339 integra
692 1277 728 1321 re
743 1256 822 1322 mihi
837 1257 880 1322 ad
895 1256 1137 1336 consulendum,
1150 1277 1292 1341 capessei

180 1378 250 1423 rem
271 1356 445 1440 publicam,
463 1355 648 1440 implicatus
665 1357 817 1423 tenebar:
840 1359 896 1423 sed
918 1359 1058 1424 laetatus
1075 1364 1185 1424 tamen
1203 1378 1287 1440 sum,

180 1458 261 1522 mihi
290 1458 401 1522 liceret
430 1457 464 1521 in
494 1456 604 1522 eadem
627 1477 725 1523 causa
746 1463 780 1522 et
801 1457 882 1521 mibi
902 1457 999 1524 utilia
1019 1465 1052 1524 et
1074 1459 1173 1525 cuivis
1195 1457 1284 1524 bono

181 1557 360 1623 defendere.
404 1556 477 1621 Hue
499 1557 632 1621 accessit
653 1557 933 1623 commemoranda
953 1559 1119 1642 quaedam
1132 1565 1165 1625 et
1182 1559 1292 1624 divina

182 1659 265 1724 saris
287 1658 320 1721 in
342 1677 392 1722 me
413 1657 613 1740 fratremque
634 1676 741 1722 meum
758 1657 958 1723 liberalitas:
981 1658 1038 1742 qni
1056 1657 1145 1737 mihi,
1167 1678 1293 1741 quassu

183 1780 234 1824 res
252 1764 386 1842 gereret,
403 1757 542 1822 tuendus
559 1762 653 1837 esset,
670 1778 756 1822 nunc
773 1759 807 1822 in
823 1764 917 1823 tanta
933 1758 1086 1824 felicitate
1104 1759 1277 1842 tantisque

183 1861 249 1937 riiS,
272 1859 369 1924 etiam
390 1858 418 1922 si
436 1857 470 1921 in
491 1878 550 1923 nos
571 1878 636 1922 non
657 1858 685 1922 is
706 1863 795 1935 esset,
822 1859 879 1942 qui
900 1865 959 1940 est,
986 1865 1094 1924 tamen
1118 1860 1286 1924 ornandus

188 2081 601 2088 —-—-—-—.———

183 2243 253 2294 idem
269 2244 313 2294 iiie
326 2243 412 2313 Plato]
430 2244 532 2298 Kriton
550 2245 592 2311 51,
608 2244 638 2298 b:
664 2264 768 2298 παντα-
810 2245 864 2295 iem
891 2245 1056 2309 desipienter
1087 2244 1223 2310 εετιεελεισε)
1249 2251 1292 2297 και·

181 2330 238 2393 ,χοὺ
265 2332 391 2393 ποιητέον
422 2322 441 2381 οἳ
467 2322 503 2382 ἂν
528 2329 622 2396 κελεύῃ
646 2325 663 2396 ἡ
689 2327 769 2389 πόλις
811 2331 908 2393 σμένον
927 2324 980 2382 ὑπὸ
997 2330 1048 2382 τῶν
1066 2327 1228 2395 ἔμπροσθεν
1241 2330 1292 2381 πολ

182 2416 233 2464 καὶ
258 2407 274 2478 ἡ
301 2413 408 2480 πατρίς,
436 2406 452 2479 ἢ
476 2414 584 2466 πείθειν
602 2408 686 2480 αίτήν
703 2400 719 2480 ᾖ
738 2406 768 2465 ro*
811 2408 929 2477 α’νόμοια
942 2415 972 2480 τῇ
983 2410 1086 2466 ἐκείνου
1096 2414 1244 2479 ξυμβουλῇ
1257 2431 1292 2480 πρ

184 2496 292 2549 δίκαιον
309 2500 415 2561 πέφυκε
433 2495 568 2562 (quantum
584 2497 700 2561 ρινοόιινε
718 2496 768 2545 tuin
811 2491 864 2547 Die
889 2498 975 2548 etwas
993 2493 1099 2559 breite,
1123 2491 1232 2547 nahezu
1249 2498 1292 2547 tau

186 2577 389 2645 civibuapoaaia),
406 2580 557 2644 βιάζεσθαι
576 2579 599 2630 δ’
624 2576 676 2646 οὐχ
693 2574 769 2632 ὅσιον
811 2575 875 2630 eche
892 2575 1071 2647 Daratellung
1093 2577 1148 2644 (die
1165 2577 1227 2631 drei
1244 2575 1291 2629 Sit

185 2658 250 2716 οὔτε
284 2666 387 2731 μητέρα
423 2658 485 2716 οὔτε
527 2666 652 2731 πατέρα,
697 2658 768 2716 πολι)
811 2659 878 2726 eum)
895 2662 933 2714 ist
951 2678 1023 2715 zwar
1040 2661 1185 2728 auffiillig,
1208 2659 1292 2724 aber,

182 2751 217 2801 di
247 2748 348 2800 τούτων
384 2743 424 2800 ἔτι
457 2736 538 2811 ἧττον
569 2745 616 2815 τήν
641 2748 768 2815 πατρίδα.
811 2743 841 2795 in
853 2758 982 2798 anserem
990 2744 1081 2799 Briefe
1098 2744 1184 2798 kaum
1199 2743 1292 2797 anzuse

186 2858 219 2868 ·-
245 2831 293 2881 eibi
320 2828 368 2898 ait]
395 2830 424 2882 in
441 2830 504 2885 dem
522 2830 674 2898 unechten‚
703 2829 769 2884 aber
811 2843 840 2881 es
865 2827 973 2881 sebeint
999 2827 1152 2893 kiinstlieh,
1181 2827 1235 2880 mit
1261 2827 1292 2879 Μι

181 2914 311 2968 aiemlieh
339 2914 414 2968 alten
435 2913 547 2968 nriefr
569 2931 596 2983 p.
614 2917 671 2980 331,
689 2913 707 2967 b
726 2913 769 2970 ffi:
811 2909 880 2964 auhn
901 2910 947 2964 die
967 2913 1061 2965 ersten
1078 2909 1160 2963 Sittae
1177 2928 1282 2978 ετνιιριιε

188 3000 276 3068 δούλῳ
302 3003 331 3052 δὲ
358 2999 593 3066 ξομβουλεύσαιμ’
616 2993 652 3054 ἄν
668 3004 715 3054 καὶ
731 2997 768 3065 μή
812 2995 887 3046 diem
904 3010 959 3047 von
976 2992 1290 3062 Platosdugenderfahr

183 3083 320 3138 e'dr'tovrei
346 3103 375 3150 γε
401 3084 627 3151 προσβιαζοίμην
662 3087 770 3150 πατέρα
811 3079 1030 3144 campanensem
1043 3080 1292 3132 ...arbitrareturv

188 3171 218 3219 δὲ
234 3160 250 3233 ἢ
268 3169 371 3233 μητέρα
388 3164 441 3232 οίχ
458 3163 533 3220 ὅσιον
549 3164 670 3234 ἡγοῦμαι
687 3180 770 3234 προσ·
812 3160 1005 3215 Grundsiitzen
1014 3160 1205 3228 deagereifben
1212 3161 1292 3215 Philo:

188 3249 338 3314 βιάζεσθαι
380 3246 417 3316 μή
452 3249 522 3318 νόσῳ
555 3250 769 3318 παραφροσύνης
812 3262 845 3298 zu
863 3245 999 3310 erkliren,
1017 3244 1087 3298 aueh
1101 3245 1223 3314 unniitig
1237 3262 1292 3310 aaa,⁴

189 3331 337 3397 ἐχομένους
362 3330 534 3387 ...ταύτόν
565 3331 596 3402 δή
626 3341 674 3387 καὶ
709 3339 770 3402 περὶ
812 3329 896 3380 mdo
921 3338 945 3381 θί
970 3329 1076 3396 werdo
1093 3327 1138 3393 (K
1156 3327 1292 3382 Lehmanl

189 3414 295 3475 πόλεως
322 3412 406 3468 αὑτοῦ
433 3415 627 3482 διανοούμενον
652 3415 705 3486 χρὴ
723 3419 771 3484 ζῆν
813 3429 858 3465 '1⁶⁶
873 3430 941 3478 perr·
963 3430 1009 3465 aee
1025 3413 1076 3464 riri
1092 3413 1203 3479 wqerrdr
1221 3411 1292 3478 (Purr

189 3495 235 3551 τὸν
269 3498 402 3567 ἔμφρονα·
446 3503 532 3565 λέγειν
565 3505 633 3568 μέν,
673 3500 698 3554 εί
731 3497 768 3569 μή
813 3497 887 3561 quod,
904 3513 961 3548 eum
978 3494 1130 3561 offenditur]
1149 3511 1204 3548 von
1220 3496 1288 3563 quod

188 3573 279 3642 καλῶς
306 3580 380 3653 αὐτῷ
409 3583 533 3648 φαίνοιτο
564 3586 769 3649 πολιτεύεσθαι,
813 3583 872 3634 erat
896 3595 968 3647 ganz
987 3594 1033 3631 am
1050 3577 1130 3632 Ende
1146 3581 1200 3646 σοςί
1211 3581 1292 3646 fare

189 3662 214 3717 εί
239 3667 335 3729 μέλλοι
361 3665 428 3733 μήτε
456 3668 580 3730 ματαίως
609 3669 678 3738 ἐρεῖν
704 3669 773 3738 μήτε
814 3665 985 3716 arbitraretur
1002 3660 1047 3715 ab·
1063 3688 1097 3701 ··
1112 3680 1160 3715 w
1176 3664 1278 3729 r'rrtoyrss

182 3746 398 3802 1α’πινθανεῑσθαι
425 3751 527 3817 λέγων,
563 3753 631 3816 βίαν
660 3758 690 3807 δὲ
719 3774 773 3807 aa·
814 3749 851 3800 ed
868 3747 919 3811 ...l
937 3745 998 3800 weil
1012 3744 1056 3797 ieh
1069 3744 1154 3798 sehon
1167 3747 1290 3800 vorhers

190 3833 258 3899 τρίδι
284 3832 422 3893 πολιτείας
449 3838 607 3904 μεταβολῆς
633 3833 671 3904 μή
689 3850 771 3905 προσ.
815 3827 1050 3898 polititohth‘dtig
1058 3830 1292 3897 geweeen30ieer1

185 3917 289 3982 -φέρειν,
319 3910 384 3968 ὅταν
405 3911 470 3970 ἄνευ
490 3921 582 3984 φυγών
599 3925 647 3973 καὶ
665 3922 772 3988 σφαγῆς
815 3913 956 3968 natiirlieh
974 3912 1027 3966 den
1045 3912 1222 3979 Zeitpunkt,
1239 3914 1275 3967 da

185 3993 296 4064 οίνδρών
321 3996 358 4066 μή
388 3997 503 4053 δυνατόν
528 3990 707 4068 ᾖγίγνεσθαι
725 4001 773 4066 τήν
815 3996 1020 4063 entsohloasen,
1045 4013 1079 4049 zu
1105 3997 1192 4051 Giisar
1214 3998 1292 4052 tiberi

189 4078 311 4148 eripietne,
330 4078 447 4149 ἡσυχίαν
468 4087 498 4136 δὲ
519 4078 623 4150 ἄγοντα
640 4081 774 4151 εὔχεσθαι
815 4113 848 4123 -
865 4091 950 4134 tamea
967 4083 1102 4134 maedus
1118 4079 1290 4149 viderem

192 4161 225 4216 τοί
252 4161 350 4228 dyada}
384 4162 458 4237 αὐτῷ
489 4186 517 4219 τε
545 4173 592 4221 καὶ
618 4169 651 4233 τῇ
688 4168 773 4220 πόλει.
816 4165 879 4219 ders
896 4164 996 4219 dachte
1014 4163 1090 4231 Cato,
1107 4162 1157 4217 der
1177 4164 1218 4217 im
1233 4163 1259 4218 J.
1270 4165 1292 4217 bi

188 4246 300 4299 Ebenso
328 4245 421 4313 (Flet.)
448 4265 491 4315 ep.
511 4249 527 4302 5
546 4265 574 4316 p.
592 4251 658 4315 322,
690 4266 713 4303 a.
731 4249 772 4302 b.:
817 4264 871 4302 nur
896 4264 986 4318 gagen
1012 4247 1061 4301 das
1079 4246 1248 4317 beantragte
1264 4246 1292 4301 n

192 4330 312 4384 Πλάτων
338 4328 392 4392 ὀψὲ
418 4331 446 4385 ἐν
472 4334 503 4399 τῇ
530 4333 641 4400 πατρίδι
672 4335 772 4399 γέγονε,
816 4332 951 4399 stimmte,
968 4329 1088 4386 sondern
1106 4330 1245 4400 geradezu
1262 4331 1292 4385 Ci

189 4420 239 4466 καὶ
265 4411 311 4467 τὸν
337 4416 424 4482 δῆμον
449 4418 602 4480 κατέλαβεν
627 4411 679 4484 ἤδη
695 4429 774 4485 πρεσ-
817 4414 861 4469 die
878 4432 932 4469 von
950 4414 1009 4467 ihm
1026 4414 1131 4468 tremes
1140 4413 1292 4469 behnndelt

183 4497 307 4564 βύτιρον
324 4496 612 4567 (οβαισίαειροριιλιια
622 4500 681 4552 Ant.
693 4516 773 4567 prope
817 4500 902 4566 pstea
920 4498 977 4553 und
990 4496 1141 4553 Teneterer
1151 4496 1292 4569 ausgeliafe
