2602 4890
109 201 166 262 lm
595 194 845 261 mmmm
960 178 965 185 ’
1190 192 1228 263 m

106 363 396 428 commutationum
419 362 554 426 scientie
575 362 625 426 vel
644 363 677 426 in
694 361 892 445 explicandis
909 362 1015 427 oensis
1031 346 1142 425 rerum
1159 380 1228 426 noso

106 465 156 528 vel
174 464 208 528 in
225 463 375 529 remediis
391 462 679 542 incommodorum,
697 483 770 526 cum
788 469 821 527 et
838 461 1054 544 reprehendes
1075 482 1125 540 ete,
1139 480 1228 545 qnae⁴

107 562 253 645 peranda
269 562 376 643 duces,
395 570 437 642 et,
457 584 540 646 quae
558 562 741 646 placebunt,
760 562 955 646 exponendis
972 561 1155 627 rationibus
1171 580 1228 626 con

107 663 211 741 babis,
242 673 284 741 et,
307 663 334 727 si
356 663 499 742 liberine,
530 672 568 728 ut
590 664 757 740 consuesti,
786 663 946 745 egendum
968 661 1111 745 putabis,
1143 660 1228 725 mults

107 763 141 824 in
172 782 231 827 nos
261 762 437 845 perfidiam,
468 763 610 842 insidias,
641 763 854 846 proditionem
880 762 1018 828 notabis
1060 761 1228 835 Multeme

110 883 202 929 cesus
232 864 336 927 nos'tri
366 865 555 929 varietatem
585 864 647 929 tibi
668 864 701 927 in
723 864 891 928 scribendo
912 861 1172 946 suppeditabunt
1191 860 1228 943 pli

112 961 277 1027 cuiusdam
299 961 486 1045 voluptatis,
507 983 592 1045 quae
613 971 774 1028 vementer
796 962 921 1027 animos
941 961 1108 1027 hominum
1129 962 1166 1024 in
1185 959 1228 1042 leg

12 1058 15 1064 ’
110 1072 142 1128 te
163 1062 320 1145 scriptore
342 1069 449 1126 tenere
470 1063 589 1144 possit;
612 1061 693 1126 nihil
715 1068 763 1126 est
784 1063 868 1126 enim
886 1064 994 1145 aptius
1011 1061 1053 1126 ad
1070 1060 1228 1125 delectati

110 1163 240 1228 lectoris
277 1183 375 1244 quern
410 1170 589 1244 temporum
620 1163 795 1228 varietates
825 1164 1040 1245 fortunaeque
1069 1159 1228 1226 vicissitud

111 1284 193 1345 quoe
225 1263 285 1326 etsi
308 1262 402 1326 nobis
426 1261 583 1343 optabiles
605 1261 639 1325 in
661 1261 853 1343 experiendo
874 1282 940 1326 non
961 1262 1104 1340 fuerunt,
1135 1262 1169 1324 in
1191 1260 1228 1343 let

111 1374 218 1428 tamen
238 1369 333 1426 erunt
351 1361 529 1438 iucundec3
548 1362 649 1427 hebet
667 1362 750 1426 enim
768 1362 937 1445 praeteriti
955 1360 1075 1427 doloris
1093 1382 1228 1427 securas

69 1466 86 1517 5
113 1463 202 1529 datio
219 1462 481 1540 deoletetionem;
500 1462 614 1526 ceteris
631 1482 706 1526 vero
723 1461 815 1526 nulle
827 1461 1006 1543 perfunctis
1018 1463 1155 1544 proprie
1166 1460 1228 1526 mol

114 1584 206 1628 cesus
225 1568 334 1628 eutem
352 1563 474 1629 alienos
491 1563 559 1627 sine
576 1562 643 1627 ullo
661 1563 771 1628 dolore
789 1562 993 1627 intuentibus
1009 1563 1107 1626 etiam
1122 1563 1228 1645 ipsam

114 1664 225 1729 cordia
245 1671 294 1728 est
315 1664 462 1731 iucunda.
501 1662 602 1739 Quem
623 1665 708 1727 enim
725 1669 873 1728 nostrum
890 1662 947 1727 ille
965 1663 1107 1728 moriens
1125 1662 1215 1746 apud

114 1765 234 1829 tineam
256 1763 496 1846 Epaminondae
517 1785 580 1828 non
603 1784 674 1828 cum
697 1764 838 1846 quedem
861 1765 1065 1829 miseratione
1083 1764 1222 1829 delectet

114 1872 186 1928 tum
216 1864 355 1948 denique
382 1865 444 1929 sibi
466 1864 559 1928 evelli
581 1865 672 1929 iubet
693 1864 858 1949 spiculum,
890 1873 1000 1946 postea
1021 1886 1120 1948 quarn
1143 1866 1173 1929 ei
1193 1886 1228 1948 pe

114 1966 199 2031 tanti
222 1965 346 2029 dictum
368 1972 417 2029 est
439 1965 576 2046 clipeum
595 1986 663 2029 esse
680 1966 813 2042 salvum,
834 1976 873 2028 ut
890 1966 988 2030 etiam
1005 1964 1039 2027 in
1056 1965 1198 2029 vulneris
1215 1964 1228 2027 ε’

117 2087 220 2150 aequo
252 2066 360 2132 animo
391 2086 464 2130 cum
493 2066 589 2129 leude
619 2073 807 2131 moreretur.
851 2065 950 2131 Cuius
971 2065 1113 2132 studium
1138 2067 1173 2130 in
1193 2067 1228 2148 let

114 2188 179 2232 non
205 2176 344 2232 erectum
368 2166 574 2230 Themistocli
595 2166 673 2249 fuge
694 2168 848 2250 exituque
868 2167 1051 2232 retinetur?
1094 2167 1223 2232 Etenim

117 2507 196 2569 σῶμα
213 2504 274 2554 Att.
292 2501 335 2566 ΙΙ,
354 2505 384 2567 1,
410 2504 442 2554 3:
467 2502 528 2554 eine
546 2502 610 2555 sehr
627 2501 700 2556 lehr·
741 2499 858 2568 deiectat]
869 2501 921 2554 mit
930 2500 1076 2554 derselben
1086 2500 1228 2570 Wendnng

116 2586 208 2639 reiche
234 2583 346 2651 Stellel)
374 2586 411 2638 ist
438 2583 613 2640 technisoher
631 2587 700 2638 Aus-
741 2584 807 2638 Mei.
816 2586 863 2638 52:
881 2603 965 2638 meane
982 2587 1156 2651 mesticiam,
1173 2595 1228 2652 atq

116 2667 700 2737 drnokfiirdesGesemtwerkimGegensetz
742 2687 800 2720 cam
825 2670 997 2722 admiratione
1022 2671 1165 2722 delectent?
1190 2697 1223 2705 -

117 2771 150 2805 an
164 2753 218 2806 den
228 2753 370 2806 einzelnen
379 2755 455 2815 timi,-
474 2752 630 2820 eingehend
639 2752 700 2804 der·
742 2749 841 2819 amirae]
859 2751 923 2806 Abi.
948 2753 1006 2806 ebs.
1033 2754 1087 2806 mit
1108 2756 1188 2806 etiam
1204 2756 1228 2805 in

117 2836 186 2890 iiber
196 2836 272 2888 Birt:
289 2836 339 2889 des
349 2837 445 2890 entike
455 2835 623 2889 Buchweseu
632 2834 699 2888 36ff.
741 2839 795 2888 iore
811 2853 845 2889 zu
862 2834 1023 2889 verbiuden.
1048 2839 1083 2873 -'-
1108 2833 1228 2904 exituque]

117 2952 150 2959 —
168 2932 191 2973 te
207 2918 339 2987 scriptore]
359 2920 412 2973 abl.
431 2920 489 2973 ebs,
505 2946 539 2956 -
555 2921 627 2971 hahet
636 2920 702 2970 mim
745 2920 837 2972 liefert
855 2918 893 2971 ist
913 2920 1064 2987 redeoque:
1091 2919 1128 2972 de
1145 2920 1212 2973 eber

119 3001 319 3069 delectationem]
331 3006 387 3072 vgi.
403 3004 458 3058 den
470 3002 539 3055 Vera
557 3019 607 3054 eus
624 3001 704 3054 Euri·
746 3003 797 3056 wie
815 3002 917 3055 endere
934 3001 1039 3056 Stellen
1061 3002 1176 3071 zeigen,
1192 3019 1227 3071 ga

118 3087 206 3153 pides’
237 3087 429 3140 Andromede:
465 3086 543 3141 Ἀλλ’
577 3084 628 3154 ἡδύ
664 3106 704 3138 τοι
746 3092 857 3151 westie,
875 3085 1149 3139 dessThemistokles
1164 3086 1228 3140 kein

120 3171 249 3225 σωθέντα
266 3174 424 3239 μεμνῆσθαι
442 3172 543 3235 πόνων,
558 3167 704 3221 lateinisoh
747 3169 818 3222 nach
857 3168 1059 3222 Grieehenland
1102 3169 1228 3237 zuriickgt

119 3254 234 3307 beiCic.
253 3253 484 3319 statuturos:
748 3252 867 3306 sondern
894 3252 924 3304 in
950 3252 1000 3306 der
1017 3251 1228 3321 Verbennungt

154 3336 247 3388 Suavis
265 3339 382 3389 indorum
395 3340 637 3405 eetpraeteritorum
655 3354 705 3387 me-
749 3338 804 3390 ben
822 3352 895 3401 wer,
922 3335 992 3389 anch
1014 3338 1099 3389 reditu
1116 3336 1228 3390 nichtv

583 3421 675 3486 moria,
749 3418 1228 3487 ZuriickbringungderLeiclsedes'

121 3503 178 3555 und
188 3503 316 3556 ebendes.
328 3506 421 3571 :Vuiqo
439 3508 507 3556 enim
516 3506 627 3557 diodor:
647 3505 707 3571 „Im
750 3501 1228 3557 stoklesuechAttilseverstendem

121 3589 200 3639 cundi
217 3590 269 3640 acti
286 3587 405 3639 taboret
750 3587 826 3640 kenn
844 3587 948 3654 (κρύφα
966 3586 1123 3653 Ἀθηναίων
1142 3585 1225 3639 Thnc.

154 3673 178 3724 5.
198 3667 405 3738 Epaminondas]
425 3670 460 3723 de
476 3667 567 3736 fin.11‚
585 3675 633 3726 97:
651 3690 708 3723 cnm
751 3671 791 3737 6),
815 3687 846 3723 so
864 3670 901 3722 ist
919 3668 1039 3736 Kaysers
1057 3668 1226 3723 Verbessern

122 3758 217 3808 vieimet
228 3755 445 3806 Lacedaemonios
462 3756 536 3820 apud
548 3757 711 3808 Mantineam
753 3764 828 3821 tuque
845 3752 909 3806 sehr
917 3751 1155 3805 wehrscheiulich.
1173 3751 1228 3805 Mei

123 3851 197 3907 atque
236 3841 291 3905 ipro
317 3838 393 3902 praui
426 3839 532 3888 vulnere
564 3840 712 3891 examimcm'
753 3836 868 3890 lichkeit
886 3833 939 3887 mit
956 3834 1064 3888 Ciceros
1082 3835 1228 3902 eigenem'

123 3942 148 3975 ee
159 3925 263 3987 uideret,
281 3930 310 3972 at
318 3922 434 3987 mmmm
445 3921 562 3985 depectit,
579 3924 710 3988 qrsaceivit,
752 3920 793 3973 sel
811 3917 936 3986 (reddat)
952 3917 1047 3970 wiirde
1058 3917 1210 3986 ellerdings
1226 3948 1228 3959 ‹

124 4009 242 4059 ealouerte
259 4015 319 4057 estet
332 4006 437 4070 clipeus.
476 4004 540 4054 (ἕκτη
550 4007 651 4056 ealcum
660 4023 710 4057 erse
753 4001 1026 4056 nlkibiadesbieten.
1061 4001 1228 4069 Tyrrellver

121 4094 214 4157 flentes
221 4091 263 4141 eui
271 4089 466 4155 responderent,
480 4089 586 4153 reposit,
598 4098 710 4140 essentne
756 4089 915 4140 Themistocli
926 4087 1015 4153 fuya,
1040 4086 1171 4137 Coriolani
1182 4087 1228 4150 fug

122 4175 181 4239 futei
197 4175 291 4232 hortem
317 4190 376 4223 cum
393 4172 422 4222 id
446 4189 550 4238 qnoque,
575 4181 604 4222 ut
629 4174 713 4238 cupie-
755 4182 839 4238 tuque.
868 4198 896 4209 -
919 4172 1022 4224 Etenim
1039 4171 1101 4221 ordo
1117 4170 1173 4235 ipre
1189 4185 1228 4218 aa*

126 4259 186 4323 dot,
212 4257 363 4320 audivisset,
389 4257 462 4308 evelti
479 4256 552 4307 ioeeit
568 4272 637 4320 eam,
662 4273 713 4322 qua
755 4255 805 4308 der
822 4253 1025 4321 Einwendnng‚
1043 4251 1129 4305 sehon
1147 4250 1226 4304 dieo

127 4350 183 4392 erat
199 4340 349 4406 transfixus,
365 4340 473 4390 kastam.
509 4339 552 4390 Ita
565 4341 713 4391 multatam·
756 4338 846 4406 arrige
856 4336 1034 4404 Auft'dhlnug
1044 4334 1096 4388 der
1103 4333 1228 4403 geeahioh

125 4425 204 4488 potine
224 4425 336 4490 profuso
360 4424 390 4474 itt
419 4423 518 4475 laetitia
551 4432 574 4475 et
607 4424 714 4474 uictoria
756 4420 931 4474 Theisochen
956 4417 1088 4488 gew'e'hre
1107 4418 1171 4473 dem
1187 4417 1228 4471 Lo

125 4517 164 4560 eet
179 4518 302 4561 mortuae.
321 4534 349 4545 -
364 4508 544 4576 eamquadam
552 4506 715 4560 miseratione
756 4503 914 4572 Belehrung
931 4519 961 4557 so
978 4503 1049 4558 nueh
1070 4505 1184 4569 omae,
1200 4500 1228 4555 bs
