2602 4890
393 186 437 239 Ad
454 184 519 239 farn.
537 184 571 250 X,
588 188 612 239 8.
1045 186 1107 246 455

56 353 119 418 rdis
141 373 210 417 esse
231 351 328 419 volui.
370 350 453 416 Nam
475 350 549 433 quis
570 350 604 413 in
628 370 666 415 ea
688 349 831 428 fortuna,
854 370 938 432 quas
959 369 1030 413 mea
1047 354 1107 427 est,

56 454 149 535 ¹vita,
171 474 271 537 quam
292 453 326 516 in
348 474 398 517 me
420 452 584 534 cognitam
602 450 787 516 hominibus
809 449 962 526 arbitror,
984 453 1107 513 etcum

56 575 151 637 quam
178 556 212 617 in
242 553 393 619 manibus
422 552 538 631 habeo,
571 556 629 616 aut
655 550 822 616 sordidum
845 550 1016 633 quicquam
1039 550 1108 632 pati

56 654 194 719 iciosum
216 655 438 736 concupiscere
456 653 587 736 potest?

69 755 273 837 aliquantum
295 755 389 820 nobis
411 755 567 837 temporis
596 759 628 819 ot
650 753 760 835 magni
780 752 908 817 labores
930 755 963 814 et
984 750 1107 814 multae
1133 766 1149 817 3

56 875 69 918 e
92 876 171 938 opus
193 854 335 933 fuerunt,
357 859 404 934 ut,
435 875 520 938 quae
537 856 583 919 roi
605 854 756 937 publicae
775 852 934 932 bonisque
957 850 1107 914 omnibus

55 975 135 1032 mur,
158 955 247 1019 exitu
270 960 508 1037 praestaremus
527 974 630 1036 nequo
649 953 691 1019 ad
708 953 865 1018 auxilium
883 950 1009 1034 patriae
1027 948 1107 1012 nudi

56 1076 85 1119 ia
107 1055 283 1133 voluntate,
305 1056 361 1120 sed
383 1076 456 1119 cum
478 1055 692 1120 facultatibus
716 1053 947 1118 accederemus.
983 1049 1105 1115 Confir-

62 1160 133 1219 erat
155 1156 313 1220 exercitus
335 1156 439 1234 nobis,
463 1156 587 1237 magnis
609 1175 704 1237 saepe
730 1153 882 1237 praemiis
903 1151 1105 1228 sollicitatus,

56 1254 203 1338 =publica
218 1256 328 1338 potius
345 1257 516 1321 moderata
541 1276 640 1338 quam
657 1256 699 1320 ab
718 1275 783 1319 uno
802 1253 929 1317 infinita
947 1257 1105 1334 speraret,

56 1355 144 1419 ,ndac
166 1356 346 1439 complures
368 1356 525 1436 civitates,
556 1376 642 1438 quae
664 1355 829 1437 superiore
852 1373 937 1418 anno
958 1352 1104 1433 largitio-

59 1456 343 1539 ncessionibusquc
364 1456 582 1538 praemiorum
606 1461 699 1519 erant
722 1454 895 1536 obligatae,
927 1460 965 1517 ut
995 1458 1027 1516 et
1048 1452 1106 1517 illa

55 1562 162 1620 tarent
183 1562 217 1620 ct
237 1557 348 1621 eadem
371 1577 391 1620 a
411 1555 599 1621 melioribus
625 1556 813 1620 auctoribus
837 1552 977 1637 petenda
998 1553 1106 1617 existi-

77 1655 251 1721 clioiendae
281 1656 376 1720 etiam
408 1655 590 1720 voluntates
623 1655 840 1737 reliquorum,
875 1654 932 1737 qui
961 1653 1106 1717 finitimis

55 1778 74 1819 s
103 1758 362 1840 exercitibusque
392 1757 614 1840 praefuerunt,
645 1765 683 1821 nt
712 1758 821 1840 potius
853 1776 925 1819 cum
957 1752 1106 1836 pluribus

58 1878 88 1919 m
102 1856 320 1922 defendendae
336 1858 498 1922 libertatis
512 1858 675 1937 iniremus,
694 1877 792 1941 quam
807 1877 879 1920 cum
897 1853 1104 1937 paucioribus

55 1981 61 2018 ι
93 1958 166 2022 orbi
192 1965 353 2022 terrarum
384 1959 553 2024 victoriam
584 1960 790 2042 partiremur.
833 1954 999 2019 Muniendi
1032 1974 1105 2018 vero
1132 1974 1148 2022 4

55 2058 110 2139 'psi
132 2058 252 2123 fuimus
283 2066 377 2123 aucto
405 2061 546 2124 exercitu
573 2060 765 2141 auxiliisque
794 2056 1028 2139 multiplicatis,
1059 2063 1105 2134 ut,

55 2157 231 2222 ,elerremus
254 2180 365 2224 sensus
384 2166 505 2243 aperte,
536 2167 615 2239 tum,
638 2160 736 2225 ctiam
766 2160 875 2223 invitis
903 2157 1106 2241 quibusdam,

55 2258 80 2321 id
99 2257 261 2323 defensuri
273 2281 423 2340 essemus,
442 2283 507 2326 non
523 2268 604 2326 esset
617 2260 842 2344 periculosum.
864 2259 915 2323 lta
929 2278 1106 2341 numquam

55 2382 68 2423 r
85 2359 190 2424 multa
202 2382 262 2441 me,
275 2368 312 2426 ut
327 2363 368 2426 ad
383 2362 532 2427 effectum
546 2363 661 2428 horum
680 2361 884 2427 consiliorum
900 2359 1106 2442 pervenirem,

56 2482 126 2526 asse
141 2462 276 2526 invitum
291 2469 324 2527 et
340 2463 560 2528 dissimulasse
574 2485 645 2528 cuin
661 2463 782 2541 dolore,
792 2461 889 2545 quod,
898 2464 1109 2544 praematura

55 2563 107 2626 ,tio
134 2561 211 2625 boni
233 2562 308 2627 civis
330 2564 483 2645 imparati
510 2585 608 2647 quam
638 2563 821 2646 periculosa
849 2567 942 2637 esset,
969 2582 1008 2624 cx
1030 2580 1107 2624 casu

67 2662 222 2728 videbam.
253 2663 324 2740 Quo
342 2664 472 2729 nomine
490 2665 588 2729 etiam
607 2664 641 2730 G.
657 2663 778 2727 Furnio
800 2661 919 2743 legato,
943 2660 1010 2724 viro
1028 2660 1108 2724 forti
1133 2670 1150 2723 5

55 2783 158 2842 renuo,
172 2762 267 2845 plura
281 2764 380 2829 etiam
389 2764 488 2830 verbo
499 2785 596 2847 quam
611 2764 775 2847 scriptura
787 2761 943 2827 mandata
952 2760 1107 2840 dedimus,

55 2918 224 2925 ——---——..
235 2920 297 2927 -—

55 2999 160 3049 nmdum
193 3000 394 3065 impedirentur
429 3000 483 3053 ‘am
560 3002 584 3052 4.
599 2995 808 3066 praeferremus]
823 3000 965 3065 praeferre
974 2996 1012 3047 im
1022 2994 1108 3050 Sinna

55 3084 86 3134 e’.
121 3080 181 3149 Vgl.
200 3100 232 3135 zu
251 3099 294 3151 ep.
312 3084 353 3149 52,
370 3087 394 3137 2.
412 3084 483 3152 N'dg.
527 3100 580 3136 von
596 3101 664 3149 prce
681 3102 707 3135 sc
718 3085 804 3149 ferro,
823 3081 896 3135 offon
913 3098 950 3133 an
968 3081 1021 3134 den
1048 3079 1108 3149 Tag

57 3169 79 3218 1.
96 3194 128 3202 -
147 3184 205 3217 cam
223 3168 324 3236 carpel
346 3170 397 3222 dor
415 3172 484 3223 Aus·
526 3168 606 3235 legen
626 3166 724 3234 (wobci
742 3166 791 3218 das
806 3164 1107 3233 tautologiscbcapcrte

58 3249 108 3301 das
126 3249 181 3301 mir
208 3251 293 3304 schon
321 3252 484 3307 bestimmte
525 3252 571 3303 ein
591 3251 723 3319 Anklang
746 3267 782 3302 an
814 3249 859 3302 dic
882 3247 1106 3315 Vulgbrsprachc

525 3333 578 3386 ist:
594 3334 650 3401 vgl.
660 3334 706 3386 bei
725 3332 867 3387 Dolabella
884 3343 1011 3385 odoacare
1021 3336 1108 3386 crebro

56 3417 481 3486 ionidm...ercntobli9utce]dn·
524 3434 567 3484 ep.
585 3417 670 3484 83‚2):
688 3417 733 3470 bei
750 3416 845 3470 Cicero
863 3417 1001 3470 unruoch
1029 3416 1108 3471 Rosc.

54 3504 87 3551 ‚tc
96 3501 135 3552 als
149 3501 255 3555 Kousul
265 3502 408 3556 mehrcreu
419 3503 481 3557 Pro-
525 3505 587 3553 Am.
604 3504 655 3555 87:
671 3504 820 3554 Avaritiam
832 3504 963 3568 praefero,
975 3503 1021 3569 qai
1034 3503 1108 3553 cocie-

54 3582 77 3635 ld
88 3583 207 3638 Studien
217 3584 364 3654 angcblioh
374 3603 423 3638 aus
433 3586 482 3640 ce·
524 3595 601 3637 tatem
628 3587 718 3638 coieris
744 3587 775 3637 dc
800 3587 941 3652 municipis
961 3587 1107 3652 cupiatque

57 3668 413 3738 assgcwissoBsirciungen
423 3672 482 3724 und
518 3671 639 3736 fortunis
656 3687 714 3721 cans
725 3672 898 3722 albuiasimo:
918 3668 990 3721 iiiior
1008 3668 1051 3720 bei
1063 3667 1107 3720 Li·

63 3752 252 3819 zugawcndet‚
265 3753 480 3808 umihrerHlilfs
525 3752 584 3806 vius
602 3753 660 3805 und
687 3752 835 3806 besouders
853 3752 985 3819 Tacitus;
1015 3749 1107 3803 Cicero

54 3833 238 3888 osichcrerzu
248 3836 321 3890 sein:
336 3854 379 3904 ep.
393 3840 481 3903 124,r.
525 3836 575 3890 hat
601 3848 691 3906 aperte
713 3840 790 3906 serre
818 3840 878 3891 nrt.
904 3835 977 3901 XIV,
1016 3835 1056 3900 13,
1074 3835 1106 3898 23

54 3915 148 3985 caldis
162 3919 230 3972 noch
237 3919 315 3973 nicht
324 3919 482 3990 kuudgcge·
526 3922 618 3976 Plano.
628 3925 670 3976 34.
682 3950 711 3963 -
722 3922 809 3992 Bul:
819 3927 906 3991 itaque
914 3940 947 3974 zu
957 3938 1002 3989 cp,
1016 3922 1073 3987 141,
1082 3922 1106 3972 3.

54 4002 359 4069 praefuenmtldasssic
376 4006 486 4074 cajetzt
528 4036 562 4044 -
578 4024 609 4059 aa
626 4024 687 4060 casu
714 4004 833 4075 collapso]
860 4006 909 4059 des
939 4004 969 4057 D.
996 4003 1108 4070 Brutus,

55 4124 62 4150 ‚
78 4084 198 4138 braucht
214 4086 297 4141 erbci
313 4087 417 4141 diesem
431 4088 484 4142 Zu-
525 4090 644 4143 walchen
660 4090 730 4144 eben
748 4090 854 4143 damals
872 4089 937 4141 hart
957 4105 1010 4143 von
1021 4089 1108 4140 Anto·

54 4186 104 4237 ing
128 4170 206 4223 nicht
229 4189 263 4223 au
286 4170 483 4226 beriicksichti·
525 4174 587 4227 nius
604 4174 745 4243 bodr'a‘ngt
762 4174 864 4227 wurde.

54 4251 154 4321 iremus]
171 4252 483 4325 HSohwarzvermutet,
556 4260 581 4311 5.
602 4261 657 4324 Quo
674 4255 788 4325 uomina]
799 4276 832 4310 zu
843 4274 887 4326 ep.
897 4260 939 4324 20,
948 4259 1012 4310 4.-
1034 4259 1108 4310 certo

57 4336 203 4392 sobi-siben
235 4338 290 4393 ssi:
316 4341 430 4394 iniunt.
449 4381 481 4395 ..
522 4360 601 4410 pacm
620 4340 762 4410 emptica]
780 4342 819 4394 im
838 4340 1107 4395 Deutschcnadver·

54 4441 73 4474 r.
523 4425 595 4478 bial:
612 4443 647 4479 ru
656 4426 759 4479 diesem
776 4424 933 4495 Gcgensatz
950 4420 1107 4493 gebranoht
