2602 4890
55 212 79 280 ῃ
306 157 309 163 λ
450 209 676 276 mmme
1001 212 1166 276 'lm

55 378 158 444 odium
174 383 304 442 ventum
320 384 377 455 est,
392 376 494 459 cupiit
505 376 589 441 diem
598 396 793 456 consumere,
808 396 913 458 neque
924 377 952 442 ei
962 375 1035 440 finis
1044 383 1093 441 est
1102 375 1169 442 fao·

55 479 90 544 ed
103 485 224 555 tamen,
239 496 311 540 cum
326 475 424 541 hores
439 483 505 540 tres
519 477 586 540 fere
601 474 742 553 dixisset,
758 475 830 540 odio
845 482 877 541 et
888 476 1027 558 strepitu
1036 482 1170 541 senatus

55 599 90 642 us
120 588 170 643 est
200 577 376 659 aliquando
406 596 568 659 perorare.
610 575 690 639 Cum
720 575 814 641 fieret
834 584 965 641 senatus
987 577 1171 642 consultum

55 679 214 743 ntentiam
237 675 425 754 Marcellini,
458 676 608 741 omnibus
630 682 759 757 praeter
781 697 880 741 unum
905 677 1170 757 adsentientibus,

55 802 116 844 nus
131 781 315 843 intercessit.
341 775 393 843 De
406 779 633 842 intercessione
649 777 760 841 stetim
775 779 873 844 ambo
890 778 1037 843 consules
1049 777 1171 842 referre

55 886 150 957 runt;
174 900 245 943 cum
263 878 442 943 sententiae
460 878 666 960 gravissimae
683 879 883 944 dicerentur:
897 879 1026 944 senatui
1043 878 1171 962 placere

54 981 186 1044 domum
204 981 344 1059 restitui,
366 979 528 1062 porticum
547 978 655 1044 Catuli
673 980 784 1058 locari,
804 979 1032 1044 auctoritatem
1051 977 1172 1042 ordinis

55 1082 170 1145 onibus
188 1079 435 1162 magistratibus
453 1078 589 1157 defendi,
608 1080 635 1143 si
652 1100 737 1162 quae
751 1081 798 1144 vis
812 1085 895 1145 esset
909 1082 1007 1158 facts,
1024 1085 1173 1143 senatum

55 1188 221 1245 maturum
239 1182 307 1244 eius
325 1200 423 1264 opera
444 1180 566 1244 factum
584 1200 662 1259 esse,
686 1181 742 1263 qui
760 1186 894 1245 senatus
910 1180 1059 1245 consulto
1072 1179 1172 1244 inter·

56 1290 116 1360 set,
137 1280 296 1346 Serranus
313 1280 483 1363 pertimuit
501 1285 534 1344 et
546 1278 735 1345 Cornicinus
753 1281 793 1344 ad
811 1301 904 1345 suam
922 1290 1059 1344 veterem
1077 1279 1172 1344 fabu-

55 1382 164 1447 rediit:
192 1381 319 1446 abiecte
340 1388 420 1464 toga
439 1401 472 1446 se
494 1379 536 1445 ad
560 1380 672 1462 generi
693 1381 788 1463 pedes
812 1380 948 1459 abiecit3
971 1380 1025 1444 ille
1045 1387 1173 1445 noctem

57 1481 255 1564 postulavit:
295 1502 360 1546 non
400 1480 635 1559 concedebant3
666 1480 954 1546 reminiscebantur
984 1482 1069 1544 enim
1100 1477 1173 1543 Kal.

55 1603 98 1661 tr.;
122 1584 175 1645 vix
196 1581 327 1646 tandem
348 1581 409 1646 tibi
431 1581 471 1646 de
492 1601 565 1645 mes
588 1582 760 1647 voluntate
782 1601 965 1646 concessum
988 1586 1046 1644 est.

55 1681 206 1747 iostridie
228 1693 359 1746 senatus
382 1681 563 1746 consultum
586 1681 707 1746 factum
730 1680 844 1761 estid,
868 1679 956 1764 quod
978 1681 1019 1745 ad
1036 1688 1069 1745 te
1091 1680 1173 1745 misi.
1198 1694 1215 1746 5

68 1956 148 2004 3ses.
165 1970 198 2003 se.
234 1979 262 1987 —
299 1953 366 2004 diem
392 1949 547 2018 consumere]
591 1948 617 2002 S.
635 1949 672 2016 C,
690 1950 751 2004 weil
768 1949 950 2003 intercediert
968 1949 1083 2003 worden
1100 1965 1175 2014 wer3

75 2035 146 2088 such
168 2036 235 2086 dieto
252 2036 359 2087 desorto
376 2036 485 2087 esimm
502 2050 547 2101 ge·
590 2035 646 2102 vgl.
663 2050 706 2100 ep.
723 2035 764 2099 26,
781 2032 817 2099 4).
837 2061 865 2069 —
884 2035 907 2085 si
923 2052 989 2101 quae
1001 2031 1047 2101 ais]
1062 2032 1175 2101 gewslt·

55 2119 112 2171 rtrd
131 2117 178 2185 (sd
195 2117 226 2183 Q.
244 2117 277 2170 fr.
296 2118 332 2184 II,
347 2121 369 2184 l,
390 2119 425 2183 3),
443 2117 547 2170 heisst²
590 2132 683 2169 semer
700 2114 881 2169 Widerstsnd
899 2133 988 2185 gegen
1007 2115 1176 2173 dieseMass·

55 2220 89 2272 ge
107 2202 210 2267 reden,
237 2200 300 2254 dass
326 2219 363 2254 sn
389 2200 547 2255 demselben
590 2198 1176 2268 regei-Oorrsies'rsus]Cn.0ppiusCornici·

68 2287 134 2339 kein
161 2284 307 2338 Beschluss
337 2284 417 2337 mehr
442 2283 548 2352 gefssst
590 2300 643 2336 nus
669 2283 748 2338 hatte
775 2282 859 2337 sehon
885 2300 931 2337 sm
957 2288 1050 2336 ersten
1067 2283 1176 2337 anusr

55 2370 165 2423 nkenn
185 2368 250 2436 (vgl.
268 2368 367 2434 Atejus
386 2367 484 2434 Capito
502 2365 548 2419 bei
590 2367 686 2420 seinen
705 2366 930 2436 Sohwiegersohn
957 2365 1092 2420 Serranus
1120 2383 1175 2421 von

55 2472 66 2505 s
93 2452 128 2506 N.
145 2454 179 2505 A.
196 2450 242 2504 IV.
262 2455 302 2519 10,
318 2450 361 2517 8):
387 2451 462 2505 deun
488 2452 549 2503 dicit
590 2451 680 2504 seiner
696 2450 870 2518 Einspreche
888 2467 978 2520 gegsn
997 2452 1102 2506 Ciceros
1121 2450 1175 2504 Zu-

55 2541 72 2602 r)
97 2545 200 2588 serratas
226 2538 370 2589 cometem
395 2544 455 2587 arete
477 2553 548 2587 error·
590 2534 798 2601 riickberufung
809 2533 896 2587 durch
912 2534 1031 2588 disselbe
1040 2534 1175 2588 Komiidie

55 2632 79 2672 us
95 2631 153 2688 post
170 2637 286 2671 oceasum
303 2621 379 2671 sotem
395 2628 484 2670 ratum
495 2636 548 2669 rios
591 2616 708 2685 (fobeto)
726 2616 985 2686 zuriiclrzubringen
1002 2619 1128 2688 gesucht.
1141 2647 1175 2656 -

64 2703 179 2771 (Gellius
197 2702 230 2757 N.
248 2705 281 2754 A.
299 2700 372 2767 XIV,
389 2704 414 2767 7,
430 2703 463 2768 83
491 2701 547 2769 vgl.
591 2712 687 2754 noctem
715 2703 761 2752 sihi
782 2699 932 2769 postulavit]
967 2703 1027 2755 eine
1062 2701 1176 2755 mildere

59 2805 102 2855 ep.
119 2789 144 2852 6,
162 2785 197 2853 9).
231 2786 327 2854 Gegen
352 2785 445 2838 diesen
470 2783 550 2836 Miss·
591 2786 673 2839 Form
692 2786 738 2839 des
756 2783 845 2850 Veto;
863 2783 1000 2852 vg1.Sest.
1015 2787 1062 2838 74:
1079 2793 1176 2836 nostem

55 2871 136 2923 tder
153 2869 343 2923 Redefreiheit
369 2868 549 2936 protestierte
591 2871 638 2922 siti
655 2872 691 2921 ast
708 2869 902 2922 deliberandum
910 2870 1061 2934 pmtstaett:
1079 2870 1177 2919 elamor

55 2959 106 3007 net
125 2953 175 3018 oft,
192 2954 244 3006 wls
262 2952 334 3006 euch
348 2952 416 3018 hier,
435 2968 483 3004 um
494 2950 548 3004 den
590 2963 702 3018 serratus,
715 2955 840 3020 querelae,
854 2971 951 3019 presa,
969 2969 1037 3004 socer
1054 2952 1090 3002 ad
1099 2951 1177 3017 pedes

55 3037 161 3092 lenden
187 3053 249 3089 zum
267 3034 395 3090 Schlusse
418 3053 451 3087 zu
477 3032 550 3086 noti·
592 3039 708 3091 ahiem
743 3036 793 3090 Ille
810 3055 835 3089 ee
861 3038 1001 3103 affirmare
1022 3044 1177 3102 postero

55 3117 549 3189 -aliquarsdo]=tarsdematiqrsand0·
592 3123 799 3174 diemoram
825 3121 967 3171 oollam
994 3136 1071 3171 esse
1090 3119 1176 3184 sae-

55 3204 89 3272 et]
110 3205 207 3270 ἔμελλε
224 3204 551 3271 γενήσεσθαι-μαθων
592 3215 723 3256 turum.
762 3205 892 3256 Creditum
909 3213 957 3268 est,
982 3205 1118 3256 discessum
1135 3212 1177 3255 est.

55 3334 57 3351 ,
89 3287 199 3340 Clodius
226 3286 319 3340 selbst.
345 3316 378 3325 -
406 3280 550 3350 Serranus]
593 3290 640 3343 lili
666 3291 763 3340 interea
788 3288 950 3340 deliberatori
974 3304 1067 3339 meroes
1100 3289 1178 3353 tonqa

73 3369 259 3424 Volkstribun
286 3369 366 3422 hatte
394 3368 453 3422 sich
480 3367 551 3421 auch
592 3374 742 3440 interposito
762 3380 833 3423 rsoete
850 3371 983 3437 duplicato
1001 3380 1043 3424 est.
1089 3370 1178 3422 Conse·

55 3454 293 3524 luriickberuiung
319 3453 428 3508 Ciceros
455 3452 551 3505 wider·
593 3460 644 3510 cert
661 3459 714 3510 dies
731 3457 811 3524 pauet
826 3456 928 3506 omnino
941 3456 1070 3506 Ianuario
1087 3472 1179 3519 merse,

64 3567 91 3576 -
112 3537 223 3607 referre]
241 3537 285 3592 die
302 3535 485 3590 Intercession
503 3535 553 3589 der
589 3561 639 3610 per
667 3559 727 3608 qrsos
753 3549 869 3592 seratam
894 3540 982 3591 haberi
1007 3540 1110 3600 liceret,·
1136 3540 1181 3591 seul

55 3624 187 3677 triburien
231 3622 337 3674 konnte
372 3618 553 3688 Gegenstsnd
594 3635 679 3676 tamen
696 3633 781 3674 amum
797 3624 865 3674 sibit
881 3624 933 3674 aiei
950 3624 982 3674 de
999 3641 1046 3675 rne.
1066 3650 1100 3660 -
1125 3621 1177 3690 ster]

58 3725 147 3761 neuen
166 3708 291 3775 Antrsgs
309 3703 461 3772 (Relation)
486 3702 553 3757 oder
593 3724 674 3761 wenn
701 3706 804 3776 richtig
830 3704 984 3773 (trituret),
1010 3708 1083 3759 wire
1109 3706 1180 3758 ethi·

55 3798 137 3851 :steno
172 3791 250 3842 einer
277 3789 401 3856 Anfrage
427 3787 473 3840 bei
499 3786 552 3839 den
594 3789 673 3845 scher
690 3789 776 3844 Detiv
794 3789 838 3857 (zu
856 3806 899 3856 ep.
919 3793 959 3853 71,
973 3787 1018 3856 2):
1037 3788 1117 3843 ‘denlr
1135 3788 1180 3841 dir

55 3891 121 3928 oren
134 3873 254 3938 werden,
271 3873 376 3941 infolge
393 3872 476 3926 deren
489 3870 554 3925 viel·
594 3876 665 3927 nur’.

69 3956 337 4010 dielnteroedenten
354 3954 554 4009 zuriicktrsten
628 3958 652 4010 5.
670 3954 937 4023 senatusconsultum]
956 3954 1180 4009 dieseserur'e‘hnt

55 4041 122 4093 sicht
139 4041 178 4093 ist
195 4057 228 4093 zu
247 4038 391 4093 schreiben
408 4042 553 4093 intercessit.
595 4041 689 4096 Cicero
706 4039 777 4093 such
794 4039 828 4092 de
844 4038 904 4092 her.
922 4056 995 4106 resp.
1014 4041 1060 4092 13:
1078 4049 1180 4106 postero

55 4144 104 4177 ire
122 4126 215 4175 statim.
251 4122 305 4190 vgl.
324 4122 388 4176 ism.
408 4122 482 4189 VIII,
499 4125 554 4190 8,6
596 4127 636 4178 dte
647 4124 872 4193 frequentissimis
888 4133 1007 4188 serratus,
1033 4132 1056 4175 te
1080 4125 1181 4174 consule

55 4209 135 4261 >inem
154 4205 409 4273 Senstsprotokoll:
444 4207 474 4260 Si
499 4210 555 4276 quis
596 4210 735 4274 ἀεεὶρπαεο,
757 4208 875 4272 Metuis,
901 4208 1038 4259 renuntias
1051 4208 1181 4272 principe,

55 4292 71 4345 i.
93 4292 121 4343 0.
138 4291 319 4355 intercesserit,
335 4292 438 4342 senatui
450 4294 556 4357 plaeere
597 4294 628 4344 P.
646 4293 757 4344 Lentulo
775 4300 799 4343 et
819 4292 848 4355 Q.
868 4292 968 4343 Metello
986 4292 1126 4342 consulibus
1142 4307 1181 4342 re·

55 4378 146 4429 itatem
161 4376 285 4442 perscribi
313 4383 337 4426 et
363 4374 394 4425 de
419 4392 450 4427 ea
475 4376 558 4427 read
592 4377 740 4442 ferentibus
756 4375 852 4439 statuit,
868 4392 927 4426 curs
943 4391 1028 4426 omnes
1041 4375 1182 4441 pontifices,

55 4478 83 4511 rm
114 4462 290 4527 populumque
320 4458 433 4524 refhrri:
468 4456 555 4511 daher
597 4460 642 4526 qui
658 4467 734 4511 eraot
750 4459 827 4510 baius
843 4457 958 4524 ordinis,
974 4458 1106 4520 admscm,
1120 4473 1190 4508 eune-

55 4541 141 4613 gleich
160 4543 339 4595 asotorimtem
352 4540 456 4606 ordinis,
473 4540 553 4595 nicht
594 4560 644 4611 que
661 4543 726 4612 stit,
752 4544 798 4614 qui
815 4543 959 4597 boumibus
978 4541 1074 4610 popm
1093 4537 1216 4591 sessis
