2602 4890
114 195 177 259 314
605 191 651 247 Au
667 194 729 247 Ast.
746 192 795 259 ur,
813 195 853 248 ra
1201 190 1215 261 p

115 359 266 425 dederam
286 359 432 438 litteraa3
456 359 523 423 tuis
544 364 655 424 tamen
675 357 769 424 lectis
790 357 908 423 litteris
929 358 1044 441 putavi
1065 356 1191 442 aliquid
1210 380 1215 422 r

115 458 257 525 bendum
274 479 350 540 esse,
368 460 616 539 cummaxime,
635 458 724 542 quod
738 457 880 524 ostendis
893 461 926 521 te
939 456 1197 541 pendereanimi,
1212 484 1215 515 l

115 579 191 624 nam
212 559 372 624 rationem
393 559 454 624 sim
473 559 604 625 Caesari
626 559 787 624 allaturus
809 557 1019 642 profectionis
1038 578 1131 623 meae
1151 562 1215 622 tum

115 680 155 724 ex
176 658 273 724 Italia
302 658 508 725 discesserim.
550 659 641 724 Nihil
671 680 751 742 opus
773 664 823 724 est
844 657 926 723 mihi
947 678 1031 724 nova
1050 658 1198 724 ratione:

115 760 200 825 enim
230 759 272 824 ad
300 780 373 825 eum
403 759 518 843 scripsi
538 760 714 843 multisque
740 757 891 824 mandavi
911 779 976 825 non
997 758 1155 841 potuisse,
1178 780 1216 824 cu

114 862 242 943 piscem,
271 880 433 926 sermones
462 860 631 925 homiuum
660 859 829 939 sustinere,
859 858 1028 942 multaque
1048 859 1083 923 in
1104 879 1214 924 sams

115 962 195 1027 tiam
223 1000 266 1012 -
294 960 377 1026 nihil
407 961 492 1026 enim
522 964 603 1039 erat,
635 958 725 1043 quod
753 960 859 1024 minus
889 979 963 1023 eum
992 958 1107 1024 vellem
1134 960 1215 1024 exist

112 1083 210 1147 quam
232 1081 283 1126 me
304 1066 399 1126 tanta
421 1061 461 1126 de
481 1081 600 1126 renen
618 1082 690 1127 meo
708 1060 841 1126 consilio
859 1079 953 1124 usum
977 1080 1045 1125 esse
1067 1098 1120 1138 —‚
1143 1065 1215 1144 post

113 1184 187 1228 cum
216 1163 297 1227 mihi
325 1162 456 1228 litterae
486 1183 507 1228 a
526 1161 632 1227 Balbo
655 1160 805 1227 Cornelio
826 1160 949 1226 minore
970 1161 1087 1226 missae
1108 1166 1215 1226 essent

112 1263 297 1329 existimare
327 1263 484 1340 Quintum
519 1263 655 1328 fratrem
687 1261 840 1327 ›lituum‹
872 1281 961 1327 meae
990 1261 1202 1345 profectionis

112 1401 156 1413 -
184 1366 231 1429 ita
261 1365 346 1428 enim
376 1362 505 1446 scripsit
533 1399 586 1442 —‚
618 1362 676 1446 qui
704 1361 849 1427 nondum
878 1380 1075 1443 cognossem,
1105 1381 1193 1443 quae

114 1462 254 1540 Quintus
275 1462 452 1546 scripsisset
473 1461 515 1526 ad
536 1462 665 1542 multos,
687 1463 748 1527 etsi
770 1460 874 1526 multa
894 1481 1047 1545 praesens
1068 1461 1103 1524 in
1124 1481 1215 1544 praes

114 1565 227 1630 acerbe
249 1563 375 1630 dixerat
396 1570 429 1630 et
451 1565 583 1644 fecerat,
606 1570 714 1629 tamen
735 1563 837 1629 nihilo
858 1563 965 1628 minus
985 1563 1037 1627 his
1057 1562 1169 1627 verbis
1188 1583 1215 1626 a«

113 1684 218 1730 sarem
238 1663 403 1747 rescripsi:
954 1681 958 1687 ·

70 1770 89 1823 2
199 1765 266 1830 ›De
288 1764 407 1842 Quinto
429 1764 531 1829 fratre
553 1784 624 1829 mec
646 1785 712 1829 non
733 1765 840 1828 minus
861 1763 977 1829 laboro
999 1782 1098 1845 quam
1121 1760 1213 1826 dem

113 1865 170 1931 sed
200 1886 273 1931 enm
303 1864 365 1930 tibi
395 1863 620 1930 commendare
649 1865 711 1930 hoc
741 1885 811 1930 meo
835 1870 982 1948 tempore
1003 1885 1069 1928 non
1090 1862 1214 1941 audco;

114 1966 284 2031 dumtaxat
314 1971 424 2030 tamen
455 1964 581 2031 audebo
611 1972 720 2049 petere
751 1965 810 2031 abs
840 1970 883 2043 te,
914 1964 1002 2048 quod
1031 1970 1065 2029 te
1087 1984 1155 2042 oro,
1187 1986 1215 2028 m

114 2068 275 2131 existimes
305 2065 348 2131 ab
378 2065 435 2131 illc
457 2066 580 2131 factum
602 2086 680 2148 csse,
703 2086 768 2150 quo
791 2066 896 2130 minus
918 2085 991 2129 mea
1011 2065 1045 2129 in
1066 2069 1099 2129 te
1121 2063 1215 2130 officit

113 2171 238 2230 starent
266 2167 411 2232 minusve
440 2172 474 2232 te
495 2166 671 2249 diligerem,
702 2167 877 2251 potiusque
898 2186 1024 2249 semper
1044 2165 1138 2228 illum
1159 2172 1215 2230 au<

113 2272 245 2332 nostrae
265 2267 501 2334 coniunctionis
521 2267 619 2334 fuisse
640 2268 767 2352 meique
789 2268 913 2335 itineris
932 2267 1091 2345 comitem,
1113 2265 1215 2331 nond

114 2387 180 2450 qua
209 2387 245 2431 re
276 2367 388 2433 ceteris
417 2368 451 2433 in
472 2368 570 2434 rebus
590 2373 721 2434 tantum
742 2370 770 2433 ci
791 2369 926 2447 tribues,
957 2373 1118 2452 quantum
1140 2368 1215 2430 hum

113 2473 172 2532 tua
202 2467 408 2552 amicitiaque
428 2474 537 2533 vestra
557 2469 720 2552 postulat3
751 2489 810 2551 ego
831 2468 862 2533 ci
881 2488 922 2533 ne
944 2466 1024 2551 quid
1046 2466 1133 2551 apud
1155 2473 1188 2531 te
1210 2492 1215 2527 ι

113 2567 148 2631 id
168 2572 201 2633 te
221 2567 425 2633 vehementer
447 2568 546 2633 etiam
568 2574 667 2651 atque
687 2569 787 2634 etiam
809 2589 918 2651 rogos

72 2682 89 2734 3
198 2666 269 2744 Qua
297 2689 350 2748 re,
382 2668 411 2732 si
440 2669 513 2752 quis
544 2689 734 2752 congressus
755 2669 855 2735 luerit
878 2669 955 2735 mihi
978 2690 1051 2735 cum
1074 2668 1213 2734 Caesare

113 2789 177 2835 non
207 2768 333 2849 dubito,
366 2770 445 2853 quin
474 2771 502 2833 is
524 2768 604 2834 lenis
624 2769 659 2834 in
680 2769 770 2834 illum
792 2770 925 2835 futurus
946 2769 989 2835 sit
1009 2769 1110 2853 idque
1132 2770 1198 2834 iam

114 3091 162 3145 des
172 3091 293 3145 Atticus.
310 3120 344 3129 -
356 3093 526 3159 profectionis
543 3108 617 3144 meac
633 3089 697 3159 tran]
739 3091 897 3157 111‚15‚7;
924 3088 998 3157 VIII,
1025 3092 1048 3156 1,
1066 3092 1099 3156 23
1125 3088 1199 3153 XIV,

113 3173 697 3243 wir-sagea:meinerdamaligenhbrsise:
739 3174 819 3230 Rosa.
838 3178 900 3229 Am.
918 3177 967 3240 69;
984 3176 1034 3238 61;
1053 3172 1179 3227 Schmalz
1198 3173 1215 3224 A

113 3259 169 3326 vgl.
187 3259 218 3311 in
235 3258 289 3312 Pia.
307 3261 359 3312 212
375 3261 486 3312 decessu
504 3269 559 3311 tum
575 3277 629 3312 mcc
647 3276 697 3310 om-
738 3260 770 3312 91
789 3258 844 3326 (33)
861 3258 880 3312 f.
897 3287 931 3296 -
948 3277 966 3310 a
984 3259 1066 3310 Baua
1083 3258 1215 3310 Cornelios

114 3359 160 3393 nee
177 3344 217 3394 illi
234 3343 334 3410 nefarii
349 3344 436 3409 pluds'i
453 3345 485 3395 de
503 3344 623 3394 manibus
639 3359 697 3393 mu·
739 3342 770 3396 L.
789 3341 932 3397 Cornelius
958 3340 1070 3405 Balbus,
1095 3340 1142 3393 ein
1168 3339 1215 3394 Ne:

113 3427 249 3477 Marinae
265 3427 413 3478 excidentur
426 3426 573 3494 =infolge
590 3425 698 3478 meiner
739 3425 846 3478 iilteren
856 3423 953 3493 (zuep.
963 3423 1215 3493 namurcensem

113 3506 271 3576 damaligen
289 3508 475 3577 Eutlernung.
508 3497 584 3563 Uber
602 3508 697 3562 diesen
738 3507 913 3574 Cinariam,
929 3526 988 3563 war
1005 3509 1091 3563 durch
1110 3508 1205 3562 seincn

113 3590 299 3645 attributiven
318 3591 465 3645 Gebrauch
492 3594 538 3647 des
561 3592 698 3647 Aduerbi·
738 3590 809 3644 auch
836 3592 889 3645 mit
907 3590 1003 3646 Cicero
1028 3591 1197 3647 befreundet

113 3691 183 3740 uma,
201 3673 251 3727 der
265 3675 307 3727 oft
326 3675 413 3729 durch
428 3676 697 3746 Zwischenstellung
738 3674 801 3728 den.
844 3662 921 3730 Uber
946 3674 992 3730 die
1020 3675 1151 3744 Stellung
1181 3676 1215 3729 de

113 3757 256 3813 desselben
275 3758 435 3812 erleichtert
453 3759 531 3826 wird,
549 3776 570 3813 a.
588 3759 645 3814 ΡΑ.
661 3759 697 3822 11,
738 3776 840 3813 nomen
858 3778 893 3813 zu
911 3761 1026 3826 ep.123‚
1042 3761 1067 3813 4.
1084 3787 1119 3797 -
1135 3758 1215 3827 dicar]

113 3846 178 3907 1783
195 3843 252 3911 vgl.
270 3859 304 3894 zu
322 3858 365 3909 ep.
375 3844 417 3908 51,
437 3843 482 3908 133
500 3845 541 3908 87,
560 3846 591 3907 1;
608 3845 649 3907 90,
664 3847 680 3897 7
690 3862 697 3910 ;
738 3873 772 3881 -
789 3847 884 3897 lituum
901 3861 975 3896 meae
990 3841 1169 3911 profectionis]
1188 3860 1215 3895 sn

113 3928 169 3991 141,
187 3928 218 3988 33
243 3924 368 3979 Schmalz
394 3925 472 3979 Asin.
490 3925 518 3978 P.
536 3928 570 3980 83
587 3926 606 3979 f.
624 3924 697 3993 (16);
738 3927 869 3981 ineinem
886 3929 1019 3995 spiteren
1028 3926 1121 3980 Briefe
1136 3926 1214 3995 (fam.

113 4008 220 4077 Syntax
239 4009 254 4076 ξ
270 4012 311 4063 44.
337 4037 371 4047 -
397 4027 449 4061 noa
470 4008 592 4077 potuisse]
619 3999 697 4065 Uber
739 4012 766 4080 3)
784 4011 814 4064 Τ.
833 4011 952 4079 Ampius
970 4012 1032 4063 tuba
1048 4012 1107 4063 belli
1123 4013 1213 4064 οἰυίῑίε.

112 4093 161 4146 das
180 4093 305 4147 fehlends
330 4111 370 4145 me
387 4092 443 4145 ΡΑ.
460 4092 496 4158 ΙΙ,
514 4094 572 4156 104,
588 4091 654 4146 Zus.
672 4095 697 4148 3.
738 4097 856 4147 madum
871 4093 1022 4162 σοφιοεκπι]
1040 4095 1076 4148 da
1093 4094 1138 4148 ich
1156 4093 1215 4149 nocl

112 4176 266 4230 Besonders
300 4177 330 4228 in
363 4175 413 4229 der
448 4174 604 4245 Umgangs·
638 4179 696 4232 und
739 4182 848 4232 wusste.
878 4206 912 4215 -
935 4180 1063 4246 praesens
1092 4181 1123 4231 in
1149 4198 1215 4246 prce

112 4258 306 4327 Briefsprache
331 4259 401 4313 wird
428 4259 479 4313 der
497 4257 696 4328 Subjelrtaalxk.
740 4261 934 4316 Geminaticn:
951 4279 985 4314 zu
1002 4278 1046 4329 ep.
1062 4263 1104 4329 13,
1117 4264 1143 4315 4.
1177 4264 1215 4313 Ar

112 4345 305 4411 ansgelassen:
323 4342 452 4397 Metellus
470 4359 514 4411 ep.
532 4347 597 4411 l,l;
614 4343 696 4398 Dola·
738 4343 847 4398 niscenu
873 4346 950 4399 einer
976 4344 1173 4401 Dichterstellc
1194 4346 1215 4413 (l

111 4427 185 4481 bella
212 4444 254 4496 ep.
272 4428 313 4494 83,
341 4432 372 4493 1;
395 4430 437 4495 97,
462 4431 495 4489 6;
521 4427 634 4483 Servius
651 4446 696 4497 ep.
738 4426 797 4493 134)
825 4429 863 4482 ist
881 4427 961 4483 nicht
977 4447 1011 4482 zu
1029 4428 1150 4483 denken.
1184 4431 1215 4497 v!

100 4510 162 4579 115,
178 4513 215 4580 2,·
242 4510 297 4569 Cic.
316 4528 361 4583 cp.
379 4514 421 4584 96,
438 4515 472 4585 3;
490 4515 553 4570 nst.
567 4513 593 4581 1,
608 4516 634 4582 t,
648 4514 704 4579 103
740 4510 817 4578 1111,
830 4514 906 4578 lm
921 4522 1042 4566 mmmm
1057 4522 1170 4567 amm.
