2602 4890
10 186 144 255 pseud]
270 224 273 229 .
425 183 469 237 Ad
486 184 552 237 fem.
569 182 619 249 III,
635 185 659 237 9.
677 183 713 250 Il,
732 187 772 238 11.
1129 190 1191 255 243

58 352 104 418 Et
123 352 233 431 velim,
264 349 426 433 reliquum
448 348 535 432 quod
557 354 606 413 est
627 349 775 433 promissi
798 371 836 415 ac
857 351 998 416 muneris
1020 351 1079 434 tui,
1109 352 1189 418 mihi
1215 359 1234 411 3

10 453 159 525 errolves:
190 472 264 517 cum
291 452 395 534 ipssm
417 448 634 532 cognitionem
655 450 735 514 iuris
758 451 888 534 augurii
909 454 1062 536 consequi
1083 454 1190 536 cupio,

10 570 48 639 pn
76 552 262 619 mehercule
291 551 356 616 tuis
376 548 608 615 incredibiliter
629 550 745 615 studiis
767 572 847 634 erge
867 572 918 615 me
940 555 1193 639 muneribusque

10 650 129 735 lrloctor.
181 653 275 732 Quod
297 658 406 718 sutem
429 673 449 716 a
470 672 522 715 me
543 651 608 715 tale
630 651 785 735 quiddam
807 652 980 734 desideres,
1012 675 1089 720 sone
1111 656 1192 721 mihi

10 755 248 823 udderandum
266 759 325 833 est,
343 773 486 836 quonam
505 757 536 816 te
550 773 737 817 remunerer
751 753 955 836 potissimum
968 774 1098 837 genere;
1117 778 1195 822 nem

10 858 123 923 refecto
147 876 213 921 non
235 860 285 919 est
301 874 418 932 meum,
440 852 498 936 qui
519 853 552 916 in
570 853 751 933 scribendo,
774 860 811 918 ut
833 853 915 920 soles
932 854 1097 934 admirari,
1118 863 1192 922 ten·

10 976 40 1021 un
64 956 252 1022 industriae
274 976 404 1039 ponem,
426 954 637 1034 committere,
660 962 697 1019 ut
718 957 888 1037 neglegens
906 956 1076 1021 scribendo
1094 957 1193 1023 fuisse

10 1056 94 1137 Iear,
128 1057 319 1141 praesertim
352 1077 423 1120 cum
445 1055 478 1119 id
500 1076 566 1120 non
587 1055 684 1120 modo
707 1055 912 1139 neglegentis,
947 1056 1002 1121 sed
1023 1058 1122 1122 etism
1143 1058 1192 1122 in-

10 1161 55 1226 eti
82 1158 188 1225 enimi
211 1157 328 1223 crimen
350 1156 499 1221 futurum
521 1155 573 1219 sit.

53 1260 186 1323 Verum
208 1257 287 1321 haec
308 1255 503 1321 videbimus:
526 1255 619 1335 illud,
642 1256 727 1340 quod
750 1256 920 1340 polli0eris,
943 1257 1036 1321 velim
1054 1276 1114 1341 pro
1133 1262 1192 1323 tue
1217 1261 1235 1311 4

10 1379 27 1422 e
51 1355 299 1438 diligentiaque
320 1361 353 1419 et
374 1375 433 1438 pro
455 1360 569 1419 nostra
589 1376 654 1420 non
672 1357 833 1436 instituta,
855 1357 911 1421 sed
928 1359 994 1422 iam
1011 1358 1194 1423 inveterate

10 1458 121 1523 licitis
145 1476 236 1520 cures
258 1456 392 1533 enitare,
420 1461 458 1519 ut
479 1456 674 1538 supplicatio
696 1455 791 1520 nobis
814 1477 912 1539 quem
934 1457 1190 1523 honorificentis-

10 1580 44 1624 re
82 1577 189 1641 quam
215 1556 418 1638 primumque
443 1556 644 1620 decernetur.
688 1555 826 1621 Omnino
850 1559 950 1622 serius
972 1559 1045 1622 misi
1065 1558 1193 1624 littores

10 1681 70 1725 am
104 1656 236 1734 vellem3
265 1655 298 1719 in
322 1676 386 1739 quo
408 1675 480 1719 cum
502 1654 677 1720 difficultas
698 1656 870 1738 navigandi
891 1657 956 1721 fuit
978 1658 1100 1737 odiosa,
1121 1664 1191 1724 tum

24 1762 148 1844 ipsum
171 1757 343 1822 discessum
365 1762 494 1820 senatus
516 1755 665 1820 incidisse
688 1757 785 1822 credo
807 1779 894 1824 meas
915 1758 1060 1838 litteres3
1082 1759 1138 1824 sed
1159 1759 1192 1824 id

10 1864 25 1926 :i
56 1859 227 1924 adductus
246 1857 442 1921 auctoritate
459 1863 491 1921 et
509 1856 641 1921 consilio
660 1865 725 1935 tuo,
747 1858 845 1941 idque
864 1881 884 1924 a
900 1881 951 1924 me
966 1865 1051 1924 recte
1067 1860 1192 1924 factum

10 1968 60 2041 to,
87 1958 180 2042 quod
203 1978 267 2023 non
289 1957 410 2038 statim,
433 1961 470 2020 ut
492 1957 677 2040 appellatus
695 1959 872 2040 imperator
890 1961 958 2040 sim,
977 1958 1033 2024 sed
1052 1959 1123 2024 eliis
1141 1981 1191 2024 re·

10 2084 27 2128 s
63 2060 195 2126 additis
226 2058 419 2141 aestivisque
449 2058 601 2123 confectis
632 2058 758 2124 Iltteras
788 2059 937 2124 miserim.
981 2058 1070 2125 Haec
1091 2060 1192 2142 igitur

10 2165 28 2227 i
52 2166 161 2227 erunt
183 2180 288 2236 cures,
311 2179 405 2241 quem
428 2158 470 2223 ad
491 2157 623 2223 modum
644 2159 795 2240 ostendis,
817 2181 930 2243 meque
946 2165 1052 2225 totum
1070 2168 1103 2225 et
1120 2181 1193 2227 mea

18 2283 120 2328 meos
145 2258 383 2325 commendatos
406 2258 548 2325 habebis.

386 2425 467 2491 LIV.
490 2426 547 2511 (ed
568 2425 643 2490 fem.
666 2425 706 2504 ll,
732 2429 792 2509 11.)

130 2580 188 2634 Ser.
205 2580 236 2633 in
254 2580 398 2649 provincie
416 2579 506 2648 pridie
523 2579 617 2634 Nonus
635 2579 745 2647 Apriles
764 2581 796 2633 A.
815 2579 847 2634 U.
866 2579 894 2634 O.
912 2579 989 2646 704(
1024 2583 1042 2646 ).

98 2713 145 2780 M.
166 2712 322 2779 CICERO
344 2712 429 2781 IMP.
451 2712 481 2779 S.
502 2712 541 2779 D.
563 2710 605 2777 Μ.
627 2711 783 2779 CAELIO
804 2712 954 2777 AEDILI
978 2711 1070 2777 CUR,

61 2864 249 2928 Putaresne
279 2884 431 2948 umquem
463 2862 606 2929 accidere
635 2883 737 2946 posse,
771 2869 810 2928 ut
832 2863 911 2927 mihi
933 2863 1028 2928 verbe
1051 2862 1190 2939 dessent,
1218 2876 1234 2926 1

10 3088 35 3141 Β.
52 3088 92 3140 Et
114 3082 201 3153 eelim]
228 3084 296 3139 iiber
321 3094 345 3138 et
371 3103 404 3138 eu
421 3101 465 3153 ep.
482 3086 524 3149 60,
541 3084 566 3136 3.
608 3082 765 3138 Juhreszeit
791 3099 850 3136 wer
876 3083 922 3135 die
947 3069 1104 3136 Ilberfehrt
1121 3082 1193 3136 noch

36 3171 159 3236 promissi
184 3188 215 3220 ac
240 3171 355 3221 muneris
379 3167 426 3237 tui]
456 3168 566 3236 AppIus
608 3168 708 3221 Italien
735 3168 799 3221 sehr
825 3167 982 3221 erechwert.
1007 3195 1036 3204 -
1055 3166 1194 3217 discessum

10 3256 60 3307 ‚tte
76 3252 134 3305 den
159 3257 251 3306 ersten
269 3250 329 3305 Teil
355 3252 447 3306 seiner
464 3251 568 3306 Schrift
610 3249 726 3318 secatus]
745 3251 794 3305 der
812 3251 898 3305 Sonat
914 3250 1110 3304 versemmelte
1136 3248 1194 3303 sich

10 3350 51 3389 >er
67 3336 119 3389 des
138 3335 344 3403 Augurelrecht
365 3334 438 3403 (liter
455 3354 567 3403 cupera-
609 3333 639 3387 in
667 3335 717 3388 der
750 3335 867 3389 zweiten
893 3333 989 3387 Hlilfte
1014 3333 1061 3387 des
1087 3332 1195 3387 Jenuer

10 3421 105 3487 ,iem
122 3419 173 3485 ΙΙΙ,
189 3421 214 3485 4,
232 3419 257 3483 1)
275 3418 339 3472 dem
357 3419 449 3473 Cicero
466 3418 568 3486 gewid-
610 3417 696 3483 nicht,
723 3418 762 3471 Im
788 3419 912 3473 Februer
930 3435 989 3483 nur,
1008 3434 1055 3471 um
1073 3417 1127 3470 den
1145 3418 1197 3471 Ge·

10 3508 38 3557 et
54 3503 114 3556 und
132 3503 192 3556 ihm
208 3502 239 3554 in
257 3500 568 3556 einemverbindlichen
611 3502 822 3556 ssndtschsften
857 3503 982 3556 Audienz
1011 3520 1044 3554 zu
1078 3502 1195 3556 erteilen

10 3585 131 3640 direiben
140 3585 382 3655 dieFortsetzung
395 3584 568 3640 desWerlres
610 3585 655 3649 (zu
673 3602 716 3651 ep.
744 3587 785 3652 23,
803 3585 837 3651 1).
871 3588 929 3638 Aus
948 3585 1196 3653 chronologisclren

10 3669 176 3737 usprochen.
193 3697 225 3705 -
242 3668 432 3738 incredibiliter]
446 3669 514 3722 iiber
523 3668 568 3722 die
610 3667 744 3721 Griinden
761 3670 800 3721 ist
818 3668 878 3721 hier
891 3686 927 3721 sn
945 3669 990 3723 die
1008 3667 1196 3722 Senetslerien

10 3748 188 3821 lortstellung
212 3770 246 3806 eu
273 3770 316 3820 ep.
342 3755 382 3816 24,
411 3755 434 3806 ὅ.
461 3780 495 3791 -
517 3755 568 3805 tole
610 3752 658 3805 des
685 3753 768 3820 April
793 3771 827 3805 eu
853 3752 972 3806 denken.
1005 3751 1062 3805 Fer
1084 3752 1129 3805 die
1147 3750 1196 3805 Be·

10 3837 117 3902 siddcm]
145 3836 208 3889 eine
235 3835 364 3890 ithnliche
389 3835 474 3891 Gebe.
516 3835 568 3888 Die
610 3837 736 3905 deutung
754 3852 809 3890 von
827 3837 948 3889 discerem
969 3837 1025 3904 vgl.
1051 3853 1085 3888 zu
1111 3852 1153 3903 ep.
1171 3836 1198 3899 5,

10 3918 86 3973 urift
115 3921 146 3973 de
172 3921 289 3986 comeriis
315 3919 449 3974 verfasste
474 3920 568 3973 Olcero
610 3920 702 3973 tund
719 3922 780 3973 Att.
794 3919 857 3985 XII,
874 3922 916 3984 40,
933 3921 964 3971 3:
981 3921 1197 3987 siquiereqeirit,

10 4003 90 4058 uriel
116 4005 244 4070 spdterer
260 4000 324 4055 Zeit
342 4002 492 4070 (vielleicht
510 4007 568 4055 eret
609 4021 657 4056 cur
671 4006 769 4056 Romae
785 4022 839 4056 con
855 4006 914 4055 sim:
932 4005 996 4071 quio
1012 4004 1134 4055 discernes
1151 4013 1195 4055 eor.

10 4084 534 4155 I).-ree9lepeeseeritendo]vgl.ep.41,
545 4088 567 4137 1.
610 4116 643 4125 -
660 4086 817 4156 occisisque]
835 4105 869 4140 zu
888 4104 932 4154 ep.
948 4089 990 4151 40,
1009 4090 1032 4138 1.

19 4172 109 4223 Lucu
123 4168 569 4237 instituta]nIchtetwoerstjetzt
645 4171 714 4225 LIV.
734 4176 757 4225 1.
774 4168 931 4238 Putarasue]
961 4170 1068 4223 hilttest
1094 4169 1131 4222 du
1149 4186 1197 4238 ge·

10 4254 157 4321 egriindet3
173 4254 230 4322 vgl.
247 4270 292 4321 ep.
310 4255 361 4320 6‚5
379 4282 409 4290 —
425 4270 498 4304 curres
516 4255 569 4303 em'-
610 4255 719 4309 decht?
742 4252 1067 4322 Plusquemperfectum:
1090 4252 1140 4306 ehe
1158 4252 1196 4305 du

10 4334 50 4404 ue]
79 4335 298 4406 zweigliedriges
325 4337 505 4405 Asyudeton:
534 4355 568 4390 zu
610 4338 705 4392 diesen
717 4337 796 4392 Brief
810 4337 937 4391 erhelten
952 4336 1024 4390 hest.
1042 4364 1075 4374 -
1092 4337 1199 4388 utmilri

10 4430 33 4483 Ρ.
46 4422 85 4475 58.
96 4450 125 4461 -
143 4422 204 4473 miei
221 4419 329 4489 litterae]
348 4437 392 4487 ep.
401 4422 442 4487 51,
461 4422 492 4475 16
502 4437 525 4474 a.
535 4420 567 4473 Ε.
609 4424 686 4475 cerba
703 4419 812 4488 desecet]
831 4421 894 4473 dass
917 4420 967 4473 des
985 4419 1130 4488 Gegenteil
1147 4419 1198 4471 der

10 4524 26 4537 ·
49 4504 192 4573 difficulter
224 4501 380 4573 congaudi]
414 4503 444 4557 iu
478 4505 568 4560 dieser
609 4504 671 4559 Fell
694 4522 763 4569 wer,
777 4504 848 4560 kern
872 4503 936 4559 ilum
950 4504 1008 4559 uie
1033 4503 1147 4557 endere
1169 4500 1218 4553 ott
