2602 4890
419 213 462 266 Ad
479 212 544 266 fem.
562 210 610 275 IX,
623 215 669 265 ·17.

326 376 440 443 XCIII.
462 376 517 460 (ad
540 378 614 442 Iam.
636 376 691 454 IX,
717 380 779 459 17).

201 546 257 601 Scr.
276 545 381 601 Romae
399 562 494 599 mense
511 544 612 598 Sextili
629 548 662 599 A.
680 545 714 599 U.
731 546 759 599 C.
778 547 827 599 708
846 544 909 612 (46).

389 692 544 760 CICERO
567 693 716 761 PAETO.

55 864 107 929 lou
130 874 166 928 tu
190 862 287 928 homo
308 861 465 926 ridiculus
486 883 529 939 es,
557 864 623 945 qui,
647 883 718 926 cum
742 861 864 927 Balbus
885 868 996 926 noster
1018 861 1105 944 apud
1127 868 1159 924 te
1186 875 1199 924 1

55 1016 59 1044 ,
84 986 123 1029 ex
145 985 195 1028 me
217 984 365 1046 quaeras,
390 961 469 1045 quid
491 961 530 1025 de
552 963 623 1026 istis
646 962 828 1043 municipiis
850 970 882 1025 et
905 962 991 1043 agris
1013 964 1160 1027 futurum

55 1067 85 1129 r?
107 1065 200 1148 quasi
225 1069 283 1128 aut
305 1083 364 1144 ego
384 1062 557 1144 quicquam
575 1061 685 1141 sciam,
707 1060 795 1144 quod
812 1062 874 1125 iste
891 1063 1023 1140 nesciat,
1047 1069 1113 1143 aut,
1133 1065 1161 1127 si

55 1162 230 1246 aliquando
253 1163 328 1240 scio,
351 1182 416 1226 uon
439 1160 558 1225 existo
576 1161 696 1225 soleam
715 1162 804 1225 scire.
838 1161 940 1225 Immo
959 1184 1043 1242 vero,
1066 1164 1093 1227 si
1110 1185 1160 1228 me

72 1274 109 1331 tu
128 1267 189 1344 fac,
212 1270 249 1328 ut
266 1264 375 1341 sciam,
398 1262 476 1345 quid
495 1261 533 1325 de
551 1261 644 1325 nobis
662 1262 810 1325 futurum
829 1263 889 1340 sit3
913 1263 1058 1327 habuisti
1077 1264 1160 1328 enim

55 1390 72 1432 a
103 1370 275 1449 potestate,
307 1384 346 1427 ex
377 1383 440 1446 quo
470 1363 519 1426 vel
541 1383 579 1426 ex
601 1363 710 1427 sobrio
733 1362 782 1427 vel
804 1369 891 1426 certe
909 1385 948 1427 ex
970 1364 1058 1428 ebrio
1081 1364 1161 1428 scire

55 1492 67 1535 ι.
93 1465 157 1532 Sed
179 1486 238 1547 ego
260 1467 333 1544 ista,
356 1466 399 1527 mi
422 1464 531 1543 Paete,
554 1485 618 1528 non
641 1484 772 1546 quaero,
796 1464 935 1545 primum
958 1466 1036 1546 quia
1055 1465 1094 1529 de
1111 1466 1159 1528 lu-

55 1589 130 1651 rope
152 1568 216 1630 iam
237 1565 485 1649 quadriennium
507 1565 653 1644 vivimus
676 1564 703 1628 si
725 1570 783 1628 aut
804 1564 865 1628 hoc
886 1564 1012 1629 lucrum
1034 1572 1082 1629 est
1105 1578 1162 1632 aut

55 1671 130 1749 rita,
153 1668 358 1751 superstitem
380 1668 428 1730 rei
449 1666 600 1748 publicae
622 1666 744 1743 virere3
769 1664 883 1728 deinde
902 1665 990 1748 quod
1007 1669 1088 1731 scire
1106 1689 1161 1749 epo

55 1790 79 1834 le
111 1768 191 1832 mihi
219 1767 339 1846 videor,
371 1766 451 1849 quid
473 1766 620 1830 futurum
642 1766 704 1843 sit3
735 1764 790 1830 fiet
812 1765 906 1843 enim,
938 1767 1162 1850 quodcumque

54 1893 68 1948 ι,
90 1874 147 1953 qui
168 1869 341 1934 valebunt:
364 1868 517 1933 valebunt
539 1873 648 1932 autem
671 1888 796 1949 semper
816 1887 915 1931 arma.
958 1867 1043 1932 SatIs
1060 1868 1161 1950 igitur

72 1992 138 2035 esse
161 1968 267 2048 debet,
299 1966 454 2051 quiequid
476 1967 682 2032 conceditur:
715 1968 777 2032 hoc
798 1967 825 2031 si
848 1970 903 2050 qui
927 1970 996 2050 pati
1017 1989 1081 2032 non
1104 1990 1161 2051 po·

55 2072 127 2135 nori
146 2069 266 2134 debuit.
293 2068 459 2133 Veientem
478 2068 608 2150 quidem
626 2089 742 2150 agrum
761 2074 793 2131 et
811 2068 1006 2150 Capenatem
1024 2070 1161 2132 metiun—
1187 2080 1203 2131 2

55 2193 107 2236 roc
129 2192 193 2235 non
216 2171 312 2251 longe
331 2169 422 2233 abest
441 2191 461 2234 a
477 2168 677 2249 Tusculan03
700 2169 780 2233 nihil
799 2174 907 2233 tamen
925 2169 1038 2233 timeo:
1061 2169 1161 2249 fruor,

55 2273 133 2349 licet,
158 2278 245 2355 opto,
268 2277 304 2335 ut
326 2292 449 2353 semper
470 2269 585 2335 liceat:
608 2271 635 2334 si
657 2270 691 2333 id
712 2271 818 2334 minus
837 2270 1019 2350 contigerit,
1041 2276 1160 2348 tamen,

55 2391 106 2435 am
137 2391 206 2452 ego,
239 2371 287 2434 vir
317 2370 411 2434 fortis
437 2370 586 2453 idemque
609 2370 827 2454 philosophus,
858 2370 962 2434 vivere
984 2370 1161 2454 pulcherri-

60 2471 148 2550 duxi,
170 2491 236 2535 non
255 2490 385 2551 possum
403 2490 476 2533 eum
494 2469 719 2551 condiligere,
742 2471 832 2534 cuius
855 2470 1008 2535 beneficio
1030 2470 1064 2533 id
1086 2491 1161 2535 con-

55 2593 80 2636 rs
102 2591 193 2649 sum3
225 2571 281 2654 qui
304 2572 330 2635 si
353 2570 464 2652 cupiat
485 2590 552 2634 esse
575 2571 838 2653 rempublicam,
869 2571 1000 2654 qualem
1021 2571 1160 2636 fortasse

55 2695 62 2736 r
85 2673 156 2736 vult
178 2678 211 2735 et
231 2691 339 2735 omnes
362 2676 475 2751 optare
492 2669 654 2750 debemus,
678 2672 755 2754 quid
774 2671 873 2736 faciat
890 2678 1000 2737 tamen
1021 2693 1085 2736 non
1104 2671 1160 2736 ha·

55 2774 97 2837 ita
118 2792 151 2835 se
173 2792 247 2835 cum
270 2770 380 2834 multis
404 2770 579 2852 colligavit.

56 2872 95 2938 ed
112 2873 240 2954 longius
258 2869 468 2954 progredior;
491 2871 596 2936 scribo
619 2871 701 2935 enim
719 2871 760 2936 ad
778 2882 818 2937 te.
854 2871 925 2938 Hoc
943 2881 1053 2937 tamen
1068 2872 1158 2949 scite,
1185 2889 1202 2939 3

55 2974 133 3040 rodo
154 2994 215 3051 me,
247 2974 304 3054 qui
326 2971 467 3036 consiliis
489 2992 552 3036 non
574 2972 743 3052 intersum,
765 2974 881 3038 sedne
903 2975 1007 3055 ipsum
1030 2970 1160 3055 quidem

55 3095 127 3158 pem
153 3075 243 3151 scire,
275 3071 355 3154 quid
377 3073 526 3135 futurum
548 3075 608 3151 sit3
642 3094 701 3138 nos
723 3074 808 3137 enim
829 3074 877 3137 illi
899 3075 1063 3152 servimus,
1094 3074 1161 3154 ipse

55 3176 166 3239 ribus:
188 3174 236 3236 ita
257 3193 315 3236 nec
335 3171 401 3251 ille,
424 3172 503 3256 quid
525 3178 672 3256 tempora
689 3175 899 3256 postulatura
917 3174 991 3255 sint,
1014 3194 1159 3251 neonus,

55 3277 102 3340 ille
125 3275 255 3356 cogitet,
276 3273 357 3338 scire
378 3294 556 3357 possumus.
589 3274 690 3339 Haec
711 3274 774 3340 tibi
796 3281 891 3340 antea
913 3295 978 3340 non
996 3275 1156 3358 rescripsi,

58 3529 79 3582 Ι.
115 3531 137 3580 1,
156 3529 186 3581 de
203 3529 255 3579 ictio
272 3526 431 3594 municipiis]
446 3526 532 3579 Parus
574 3527 705 3579 debuimus
731 3544 800 3579 onoc
821 3529 907 3594 primo
930 3530 1010 3581 civilia
1036 3530 1094 3582 belli
1115 3547 1161 3581 nec

55 3617 94 3678 te,
113 3611 199 3665 durch
211 3610 532 3678 eineAckerverteilung
577 3613 723 3677 superstites
732 3629 784 3664 esse
792 3614 831 3665 rei
844 3614 971 3680 publicae.
1007 3613 1159 3666 Manutius.

56 3713 100 3749 ars
120 3693 279 3748 Veterenen
307 3693 437 3748 mdchten
460 3692 530 3746 auch
573 3727 605 3736 -
623 3697 689 3746 mori
715 3695 810 3760 debuit]
828 3697 880 3751 wie
903 3697 947 3750 die
961 3715 1004 3765 ep.
1022 3699 1063 3761 91,
1081 3698 1097 3748 2
1114 3712 1161 3764 ge-

55 3780 125 3834 t'aidte
160 3778 217 3831 und
251 3777 423 3831 L'dndereien
453 3777 530 3830 Cam·
573 3783 700 3832 nannten
718 3779 846 3832 M'a'nner.

55 3881 74 3931 s,
92 3871 134 3917 wo
152 3879 183 3917 er
200 3861 281 3927 lebte,
308 3862 366 3915 also
383 3861 453 3914 auch
472 3860 532 3913 sein
607 3865 631 3915 2.
649 3862 799 3930 metiantur-l
819 3864 940 3918 n'a‘mlioh
956 3860 1160 3916 CisarsLeute.

55 3964 62 3998 .·
80 3946 179 4012 Besitz‚
196 3945 345 4014 gefdhrdet
367 3945 434 3998 sein.
451 3972 481 3982 —
501 3944 532 3996 de
574 3975 607 3983 -
625 3947 689 4015 quid
701 3948 791 4013 faciat
802 3985 808 3998 .
819 3987 824 4000 .
836 3986 842 4000 .
856 3964 908 3999 nou
925 3944 1009 4013 hobel]
1028 3962 1048 3998 s.
1067 3963 1100 3997 zu
1118 3960 1160 4011 ep.

55 4031 124 4084 lieae
142 4028 241 4097 Frage,
267 4028 356 4081 meint
374 4028 476 4095 Cicero,
493 4027 533 4080 sei
576 4033 658 4096 19,1.
679 4032 807 4082 -itoae
827 4048 886 4083 eum
912 4033 999 4083 multis
1023 4027 1158 4096 collipooit]

55 4113 148 4183 ‚termis
158 4110 533 4180 diewegeneinigerGrund·
575 4116 613 4166 ito
630 4114 732 4182 gehdrt
749 4132 783 4167 zu
800 4116 876 4166 mul·
904 4113 984 4179 (wir:
1001 4113 1038 4167 ‘es
1052 4113 1115 4165 sind
1126 4131 1160 4166 zu

78 4224 112 4235 ·-
137 4197 246 4249 habuisti
268 4235 274 4248 .
293 4235 324 4248 ..
347 4197 376 4246 ia
397 4193 529 4263 potestate]
573 4196 673 4265 viele'):
692 4197 846 4251 deutlicber
860 4197 1040 4250 undstiirlrer
1051 4213 1093 4265 ep.
1105 4199 1161 4252 101,

55 4279 143 4332 bden
163 4278 271 4332 Balbus.
291 4307 320 4314 —
338 4296 370 4331 ea
378 4277 453 4347 ebrio]
471 4278 533 4332 weil
576 4283 605 4334 3:
624 4284 708 4334 malta
733 4283 801 4334 enim
826 4283 916 4334 uictori
932 4300 1019 4335 eorum
1045 4283 1160 4346 arbitrio,

55 4360 258 4431 noffenherzig
280 4378 353 4415 war:
379 4365 440 4416 Att.
457 4360 537 4428 XIV,
575 4383 623 4432 per
650 4383 710 4432 quoa
735 4366 801 4431 vicit,
827 4367 904 4418 etiarn
928 4367 1007 4419 inuito
1027 4367 1160 4434 faciendo

82 4455 104 4498 et
128 4448 195 4498 nosti
225 4448 319 4512 uirum,
351 4465 430 4515 qccom
455 4456 534 4501 tectos
576 4458 645 4501 aunt.

55 4555 70 4566 -
96 4530 128 4584 de
154 4532 225 4584 locro
242 4528 364 4598 vivimus]
383 4534 449 4599 quia
465 4534 533 4586 mori
609 4533 634 4586 3.
653 4533 689 4587 od
705 4528 743 4602 te]
762 4531 829 4589 dem
856 4531 918 4588 dies
944 4533 1017 4588 elles
1039 4530 1181 4584 montbe-
