2602 4890
55 206 78 278 t]
426 208 472 264 Ad
489 208 554 263 fam.
572 206 619 276 VI,
636 209 660 262 6.
1082 212 1141 275 361

55 374 209 442 netandae
229 376 275 442 rei
297 374 449 459 publicae
470 394 653 458 magnaque
674 379 862 442 nostrorum
883 381 1066 460 temporum
1086 397 1144 442 va·

74 476 236 543 consecuti
257 494 386 555 sumus3
409 475 462 540 cui
483 475 614 559 quidem
635 474 827 541 divinationi
848 475 910 542 hoc
939 477 1013 560 plus
1042 474 1140 542 confi-
1165 480 1185 533 4

72 575 160 660 quod
181 598 220 642 ea
240 597 299 643 nas
320 575 403 640 nihil
424 574 458 640 in
480 575 531 640 his
553 582 621 642 tam
640 574 787 641 obscuris
803 574 901 641 rebus
918 584 1052 661 tamque
1069 598 1143 661 per·

55 678 78 742 is
108 698 264 760 umquam
295 677 425 743 omnino
456 674 582 742 fefellit.
626 675 786 754 Dicerem,
808 695 893 758 quae
924 682 1000 742 unte
1030 678 1145 766 futura

55 799 94 857 m,
110 780 145 843 ni
162 798 297 858 vererer,
321 799 361 843 ne
378 799 418 842 ex
434 777 555 843 eventis
573 776 695 859 fingere
711 776 849 856 viderer3
868 775 924 841 sed
942 782 1051 843 tamen
1069 778 1141 863 pln-

56 883 116 943 unt
147 883 245 944 testes
267 899 319 943 me
341 883 375 943 et
396 879 508 958 initio,
530 897 571 942 ne
601 878 811 960 coniungeret
840 898 873 942 se
901 898 974 942 cum
997 877 1143 959 Caesare,

55 1001 98 1046 sse
120 980 306 1064 Pompeium
329 985 362 1045 et
388 986 519 1063 postea,
550 999 591 1044 ne
621 998 656 1044 se
684 979 886 1061 diiungeret:
917 979 1144 1044 coniunctione

64 1087 197 1147 senatus
218 1101 304 1164 opes,
336 1080 534 1146 diiunctione
555 1079 648 1146 civile
669 1077 793 1144 bellum
823 1079 957 1145 excitari
986 1077 1143 1157 videbam,

55 1183 166 1247 utebar
187 1182 436 1247 familiarissime
454 1181 600 1259 Caesare,
619 1179 806 1264 Pompeium
824 1179 984 1245 faciebam
1001 1178 1142 1263 plurimi,

55 1289 86 1349 nt
106 1305 213 1348 meum
234 1283 403 1349 consilium
425 1303 497 1348 cum
512 1282 608 1348 fidele
625 1281 788 1365 Pompeio,
806 1287 877 1346 tum
893 1281 1036 1347 salutare
1054 1280 1137 1344 utri-

55 1385 139 1462 Quae
161 1390 331 1468 praeterea
351 1383 556 1468 providerim,
582 1389 768 1467 praetere03
791 1381 865 1447 nolo
888 1383 973 1446 enim
993 1382 1079 1446 hunc
1104 1379 1144 1445 de
1169 1384 1186 1437 ὅ

55 1488 128 1551 time
149 1487 299 1550 meritum
325 1485 510 1550 existimare
532 1504 570 1550 ea
590 1504 641 1549 me
671 1486 809 1549 suasisse
840 1483 1002 1567 Pompeio,
1025 1480 1144 1564 quibus

60 1589 229 1670 paruisset,
252 1592 335 1653 esset
357 1587 410 1652 hic
432 1586 562 1671 quidem
584 1586 690 1651 clarus
712 1586 745 1649 in
762 1590 842 1667 toga
859 1589 892 1650 et
909 1585 1068 1668 princeps,
1086 1579 1144 1647 sed

67 1709 154 1771 opes,
177 1694 317 1772 quantas
338 1708 424 1752 nunc
445 1687 556 1768 habet,
578 1708 643 1752 non
665 1685 819 1751 haberet:
846 1683 986 1750 eundum
1008 1683 1042 1748 in
1065 1681 1139 1746 His·

55 1810 63 1852 ι
85 1789 212 1869 censui3
235 1788 369 1871 quodsi
391 1788 528 1869 fecisset,
552 1786 642 1852 civile
651 1786 772 1853 bellum
789 1784 914 1850 nullum
937 1783 1069 1849 omnino
1091 1782 1142 1846 fu-

55 1887 225 1962 Rationem
243 1889 357 1953 haberi
375 1888 518 1954 absentis
535 1909 597 1954 non
617 1893 686 1953 tam
704 1886 846 1970 pugnavi
856 1892 894 1951 ut
904 1886 1025 1962 liceret,
1044 1904 1143 1966 quam

55 1991 163 2053 oniam
184 1990 255 2072 ipso
277 1989 407 2054 consule
429 1994 596 2071 pugnante
617 1987 757 2072 populus
783 1987 930 2065 iusserat,
956 1984 1143 2051 haberetur.

63 2098 136 2153 orta
157 2089 235 2153 belli
255 2094 320 2153 est:
343 2087 423 2171 qnid
447 2109 506 2171 ego
528 2088 731 2171 praetermisi
763 2092 821 2152 aut
854 2085 1050 2151 monitorum
1080 2089 1141 2148 aut

55 2209 149 2270 trum,
172 2208 245 2252 cum
267 2189 317 2253 vel
337 2188 561 2272 inquissimam
587 2208 696 2272 pacem
726 2185 904 2251 iustissimo
934 2183 1020 2250 bello
1051 2189 1142 2249 ante·

61 2288 195 2354 ‘tVicta
216 2294 264 2353 est
285 2290 465 2354 auotoritas
487 2309 568 2369 men,
600 2309 664 2354 non
693 2294 761 2353 tam
784 2308 805 2352 n
825 2286 978 2370 Pompeio
1002 2323 1040 2335 -
1063 2306 1138 2351 nam
1164 2295 1181 2349 6

55 2594 188 2659 capitisue
208 2593 443 2660 d'herapontiponua
452 2594 514 2646 Pla·
556 2594 671 2644 rietatem
688 2600 735 2642 aut
750 2608 890 2658 numnquam
908 2592 997 2643 nomnen
1015 2598 1060 2640 aut
1068 2606 1142 2640 num-

55 2695 63 2727 v
102 2679 257 2743 plurumum
299 2680 407 2730 animem
445 2678 513 2730 dicit.
556 2692 633 2751 qupm
651 2674 825 2726 diremissea!“

55 2759 76 2811 if
99 2778 132 2812 zu
151 2759 230 2813 Rosa.
256 2761 296 2812 43.
322 2789 356 2798 -
381 2763 514 2813 doctrinae
588 2762 613 2814 5.
626 2757 799 2828 providerim]
821 2760 872 2813 ‘vvo
888 2760 933 2812 ich
951 2763 1029 2813 sonet
1046 2774 1142 2826 vorge-

55 2844 156 2894 hanina
174 2843 212 2895 ist
229 2843 290 2895 hier
306 2844 364 2897 und
383 2848 460 2897 sonet
472 2844 513 2897 oft
556 2845 642 2912 baut',
659 2844 710 2898 wie
728 2860 782 2898 von
800 2843 868 2897 Cato
886 2842 956 2896 Phil.
974 2843 1009 2908 II,
1028 2845 1075 2895 12:
1097 2843 1143 2907 qui

57 2943 87 2980 ro
106 2927 154 2980 dns
173 2925 364 2996 selbstiindige
382 2927 514 2982 Studium
556 2947 613 2981 cum
629 2929 712 2980 multa
728 2930 782 2978 uita
804 2928 933 2978 excedens
945 2927 1072 2995 providit,
1089 2934 1142 2976 tum

55 3011 188 3077 losophie:
214 3012 284 3081 Nag.
311 3011 514 3079 Stil.2,1;zu
555 3014 625 3082 quod
643 3022 667 3063 tc
685 3011 849 3080 (Antonium)
868 3011 994 3062 consulem
1007 3009 1142 3062 nonavidit.

55 3094 72 3146 3.
107 3094 240 3164 Dagegen
257 3096 326 3164 geht
346 3097 515 3148 monumentis
555 3128 589 3137 -
607 3093 686 3164 launo]
708 3094 832 3148 niimlich
857 3094 950 3148 Gisar.
967 3120 1000 3131 -
1027 3093 1142 3144 eundum

55 3180 161 3245 acceptia
179 3178 234 3246 (die
252 3180 391 3233 Schriften
401 3179 459 3232 und
469 3179 514 3232 die
556 3183 584 3232 in
602 3182 679 3248 Eup.
697 3179 794 3248 censui]
813 3179 912 3233 andern
930 3193 981 3232 vor
995 3176 1141 3231 Ausbruch

57 3261 224 3315 nthaltenen
241 3263 361 3330 Lehren)
388 3280 442 3316 nur
468 3263 517 3316 anf
556 3265 604 3318 des
623 3264 753 3332 Krieges:
772 3264 832 3316 Att.
850 3261 882 3326 V,
901 3265 941 3329 11,
959 3264 975 3314 3
993 3260 1063 3329 (Juli
1081 3262 1142 3325 hil:

55 3347 124 3397 :titre
150 3344 389 3414 philosophischer
414 3347 515 3401 Schrif·
555 3348 693 3416 Pompeius
710 3349 773 3398 mihi
789 3364 888 3416 quaque
904 3347 1040 3397 uidebatur
1114 3347 1142 3397 in

55 3428 67 3478 l.
85 3444 129 3495 ep.
147 3431 187 3495 86,
205 3431 229 3484 2.
256 3431 402 3486 Lehmann
413 3432 513 3485 indert
556 3431 714 3498 Hispaniam
732 3438 800 3481 carte
818 3431 910 3482 iturus.
928 3429 964 3480 Id
982 3446 1027 3495 epo
1039 3431 1143 3482 minime

55 3527 107 3563 mer
124 3517 293 3567 monumentis
309 3515 339 3567 in
356 3519 464 3569 monitis.
480 3545 514 3553 -
551 3518 702 3584 probabam.
737 3514 816 3567 Auch
842 3530 878 3567 an
897 3513 1006 3582 Appius
1033 3513 1142 3567 schrieb

55 3611 81 3645 aa
98 3599 136 3647 rei
149 3594 189 3664 p.]
207 3596 314 3652 ‘ansere
336 3600 428 3653 reiche
446 3600 514 3665 poli·
555 3600 649 3654 Cicero
674 3599 739 3652 fam.
758 3598 805 3663 ΙΙΙ,
823 3601 848 3662 8,
866 3600 899 3651 10
924 3597 1059 3666 (Oktober
1082 3596 1142 3664 sn:

55 3677 222 3749 lrfahrnng'3
240 3682 294 3750 vgl.
311 3699 345 3734 zu
363 3699 406 3751 ep.
423 3684 447 3748 6,
466 3686 514 3751 10;
555 3686 586 3737 da
598 3702 646 3753 qua
664 3683 712 3750 (rei
726 3671 844 3750 publicae
852 3683 931 3750 statu)
949 3701 1008 3734 aum
1021 3683 1142 3734 sollicitae

556 3787 583 3820 aa
600 3769 690 3834 mapis,
715 3768 782 3836 quad
807 3786 838 3820 eu
854 3769 906 3819 tuis
930 3769 1019 3820 littorio
1041 3769 1142 3833 capream

554 3853 705 3919 Pompeium
721 3862 836 3903 namnum
861 3854 891 3904 in
908 3851 1068 3918 Hispaniam
1093 3852 1141 3901 itu·

61 3929 133 3998 plue]
152 3950 186 3985 zu
204 3950 246 4002 ep.
264 3937 304 4001 24,
322 3940 353 3990 7:
375 3939 421 3990 hoa
435 3955 512 4004 prae·
554 3955 623 3989 rum.
640 3936 717 3989 Doch
735 3937 790 4004 vgl.
809 3953 851 4005 ep.
871 3938 913 4000 64,
922 3939 946 3989 3.
964 3963 997 3972 -
1013 3936 1067 4001 ipsa
1085 3951 1141 3986 oon-

63 4042 96 4052 -
123 4019 153 4068 ni
178 4016 291 4088 vererer]
317 4022 369 4074 wie
403 4038 446 4087 ep.
472 4023 514 4088 80,
555 4023 612 4074 aula
625 4019 767 4088 pupnante]
794 4020 916 4073 niimlioh
934 4018 1100 4087 Pompejus;
1120 4036 1140 4070 e.

55 4115 72 4151 ).
90 4101 131 4166 43,
148 4101 172 4153 5.
191 4128 224 4138 -
241 4121 273 4154 ne
299 4106 466 4172 coniunperat
488 4121 514 4156 ae
556 4106 727 4173 znep.67,3.
745 4130 779 4141 -
794 4106 834 4156 oei
850 4105 1040 4171 iniquissimam
1048 4120 1141 4169 pacem

55 4183 514 4257 adiiunperet]iiberdieswichtige
556 4188 789 4256 mutuantes]
807 4189 863 4256 vgl.
881 4204 924 4255 ep.
934 4189 975 4254 74,
986 4191 1003 4241 7
1008 4207 1015 4252 ς
1032 4186 1097 4240 fam.
1108 4185 1141 4253 V,

77 4265 115 4318 ist
132 4267 217 4322 sehon
245 4289 277 4323 zu
308 4288 352 4340 ep.
370 4274 411 4339 61,
437 4275 516 4341 hge·
557 4276 598 4340 21,
616 4275 648 4326 2:
665 4275 755 4341 quavis
772 4282 829 4325 tuta
846 4274 1091 4338 aondiaionepaeem
1100 4290 1141 4325 aa·

55 4366 81 4416 13
105 4351 160 4419 vgl.
187 4369 243 4407 was
269 4371 299 4408 er
324 4357 420 4422 spiter
445 4356 515 4410 Phil.
557 4358 741 4424 ciperemalui.
754 4354 1142 4424 Att.VII,14,3:Equidamad

55 4439 113 4503 tgt:
129 4454 187 4488 mea
203 4439 251 4489 ilia
267 4456 317 4490 coa
330 4450 365 4493 eat
382 4441 515 4492 notamul·
555 4458 645 4508 paoem
654 4440 752 4492 hortari
760 4458 813 4492 non
822 4440 1144 4508 devinaqaaevattntaua

55 4520 130 4585 inam,
147 4520 260 4590 Pompei,
279 4541 336 4576 eum
352 4525 462 4577 anaare
478 4542 516 4578 so·
557 4525 647 4577 utilior
664 4534 699 4578 aet
715 4542 796 4594 quam
811 4525 984 4578 iuatiasimum
995 4524 1107 4575 bellum.
