2602 4890
106 191 168 255 360
608 187 653 242 Ad
670 187 736 242 ism.
753 186 800 255 vl,
815 190 840 243 6.
1173 184 1280 259 [Epltt

106 360 176 422 stra
197 361 230 421 st
251 355 441 421 meritorum
462 352 641 419 multorum
662 359 697 419 et
717 352 901 419 studiorum
930 352 1060 437 parium
1089 354 1282 423 coniunctiora

107 456 216 522 deesse
236 476 302 521 non
324 454 427 534 debet,
448 492 492 502 -
512 452 570 519 sed
590 459 702 519 tamen
731 475 853 535 vereor,
882 475 924 522 ne
944 454 1133 521 litterarum
1153 474 1174 521 a
1191 476 1237 521 ms
1252 454 1283 522 ol·

106 557 214 622 ficium
236 556 394 640 requiras,
415 576 496 640 quas
517 555 579 620 tibi
600 559 633 620 et
654 554 720 620 iam
741 555 865 639 pridem
886 561 919 622 et
940 575 1036 639 saepe
1063 554 1225 635 misissem,
1242 554 1286 621 nid

107 656 224 723 cotidie
262 656 377 722 melius
407 660 581 739 expectans
613 655 867 739 gratulationem
901 677 1000 741 quam
1032 655 1290 723 confirmationes²

106 757 207 822 animi
228 757 279 822 tui
300 757 467 841 complecti
487 756 606 822 litteris
637 756 830 823 maluissem.
881 757 992 839 Nunc,
1023 763 1062 823 ut
1090 777 1194 840 spero,
1220 755 1288 822 bravi

107 859 365 941 gratulabimur:
388 858 500 941 itaque
522 859 554 922 in
576 857 666 922 aliud
688 864 815 941 tempus
837 857 870 923 id
896 862 1127 942 argumentum
1156 856 1246 940 spis
1286 900 1288 912 .

65 975 82 1027 2
110 958 235 1027 differo.
272 958 331 1023 His
355 964 463 1023 autem
494 958 613 1024 litteris
644 961 787 1024 animum
809 965 912 1040 tuum,
943 978 1040 1043 quem
1062 956 1194 1023 minime
1213 955 1291 1023 imit·-

108 1059 218 1124 sillum
240 1079 308 1124 esse
329 1064 363 1124 et
384 1059 483 1124 audio
504 1065 656 1144 stapam,
680 1061 741 1125 etsi
770 1080 837 1125 non
859 1059 1098 1143 sapientissimi,
1130 1064 1167 1123 at
1187 1055 1291 1122 am‘.

108 1160 181 1226 simi
201 1160 340 1226 hominis
363 1160 560 1226 auctoritate
581 1160 838 1226 confirmandum
859 1161 958 1226 etiam
980 1166 1081 1243 atque
1103 1158 1203 1224 etiam
1222 1162 1292 1241 putu,

106 1261 226 1325 nsciis
248 1260 379 1344 quidem
404 1260 520 1339 verbis,
550 1261 669 1344 quibus
699 1265 733 1327 te
761 1259 908 1326 consoler
935 1265 975 1325 ut
1005 1258 1164 1325 afflictum
1196 1257 1252 1323 st'
1288 1307 1292 1314 .

108 1361 196 1427 omni
217 1381 273 1444 spe
295 1361 410 1426 salutis
433 1361 595 1440 orbatum,
626 1362 681 1426 sed
715 1367 754 1427 ut
783 1382 866 1441 eum,
897 1362 937 1425 de
968 1359 1061 1425 cuius
1091 1357 1243 1425 incolumi
1259 1407 1260 1410 ,
1274 1389 1276 1398 ,

108 1480 173 1524 ncn
195 1459 268 1542 plus
286 1459 441 1539 dubitem,
462 1482 562 1544 quam
582 1466 617 1527 te
638 1463 770 1527 memini
792 1462 944 1529 dubitare
964 1460 1005 1525 da
1025 1479 1107 1525 mse..

191 1558 276 1625 Nam
298 1581 370 1623 cum
393 1582 443 1626 me
466 1582 505 1626 ex
521 1584 557 1627 re
579 1562 711 1645 publica
731 1562 931 1648 expulissent
952 1561 987 1642 ii,
1009 1559 1067 1644 qui
1087 1559 1182 1626 illam
1201 1558 1294 1625 calm·

107 1681 200 1743 posse
222 1667 329 1726 stante
350 1682 401 1727 me
422 1683 487 1727 non
508 1669 673 1746 putarent,
696 1664 826 1729 memini
848 1685 899 1728 me
921 1684 960 1728 ex
982 1662 1093 1727 multis
1121 1658 1288 1745 hospitibus

109 1761 166 1844 qui
183 1761 225 1826 ad
246 1783 297 1826 me
320 1784 358 1826 ex
381 1763 466 1844 Asia,
487 1764 522 1828 in
543 1784 609 1847 qua
630 1770 669 1831 tu
689 1786 770 1846 eras,
792 1769 955 1842 venerant,
984 1762 1109 1843 audire,
1132 1765 1167 1827 te
1188 1762 1227 1826 ds
1248 1789 1275 1834 21

66 1877 83 1929 3
108 1862 195 1926 rioso
218 1868 250 1927 et
272 1863 367 1928 celeri
389 1863 495 1928 reditu
518 1884 589 1929 meo
613 1865 812 1931 confirmare.
854 1864 888 1930 Si
905 1865 1037 1931 teratio
1053 1861 1216 1946 quaedam
1231 1859 1291 1925 mira

110 1960 234 2028 Tuscae
255 1963 451 2046 disciplinae,
475 1985 574 2047 quam
596 1987 616 2030 a
637 1971 740 2048 patre,
763 1965 961 2031 nobilissimo
979 1969 1078 2047 atque
1095 1962 1219 2047 optimo
1233 1961 1290 2035 virt.

110 2084 294 2148 acceperas,
326 2086 392 2130 non
421 2064 546 2147 fefellit,
575 2088 616 2132 ns
646 2087 704 2132 nos
735 2065 865 2149 quidem
894 2070 1007 2130 nostra
1036 2064 1195 2128 divinatio
1215 2058 1291 2139 lallst

110 2187 207 2250 quam
229 2187 301 2231 cum
330 2168 639 2249 sapientissimorum
673 2168 816 2233 virorum
845 2165 1061 2232 monumentis
1094 2170 1194 2247 atque
1222 2178 1290 2247 prae

111 2266 211 2349 ceptis
232 2267 445 2352 plurimoque,
468 2275 505 2333 ut
528 2276 564 2334 tu
586 2269 656 2351 scis,
679 2269 847 2335 doctrinae
867 2266 986 2347 studio,
997 2270 1068 2330 tum
1086 2284 1205 2348 magno
1219 2262 1290 2328 etur

111 2574 200 2623 laram
218 2569 309 2638 (‘stwa
327 2571 366 2623 im
384 2570 436 2624 Stil
462 2571 511 2626 dar
528 2574 694 2630 Ovidischen
737 2576 761 2627 3.
795 2572 903 2626 Ciceros
930 2570 1015 2624 Werlr
1041 2572 1073 2623 ule
1098 2562 1293 2622 divinationi

111 2654 224 2708 Tristia'
237 2653 377 2722 Wieland)
396 2656 454 2709 und
471 2663 618 2712 erwartete
636 2678 694 2714 nun
736 2659 795 2709 erst
811 2657 845 2708 44
862 2653 1032 2710 erscbienen.
1049 2681 1082 2691 -
1099 2656 1130 2707 id
1146 2650 1214 2721 arg]
1230 2656 1293 2719 φά

110 2739 141 2791 in
158 2737 268 2792 Sicilien
286 2738 695 2809 dieEntschaidungiibersein
736 2743 820 2795 tandi.

111 2821 260 2876 Schicksal.
296 2822 358 2875 Wir
382 2823 474 2876 haben
500 2822 581 2878 Iscina
607 2825 696 2880 Nach·
770 2827 794 2879 2.
812 2842 858 2877 aaa
884 2825 915 2874 iia
931 2823 1034 2890 quidem
1059 2817 1149 2887 meto]
1167 2814 1293 2880 mill*

110 2905 184 2960 richt
194 2906 322 2974 dariiber‚
339 2907 374 2960 ob
392 2906 577 2961 dieseSchriit
593 2926 630 2962 an
641 2909 695 2962 den
737 2910 855 2962 ciendum
868 2916 934 2974 puto
954 2907 986 2957 iia
1002 2905 1107 2972 quidem
1123 2904 1216 2968 eata,
1232 2896 1294 2968 qul·

111 2988 244 3042 Diktstor
260 2992 409 3058 gelangte3
434 2990 504 3044 auch
522 2993 631 3046 scheint
648 2994 696 3047 ca-
738 3031 787 3058 ...,
803 2993 848 3043 aed
863 2993 903 3056 iia,
928 2990 1018 3057 quidm
1043 2997 1067 3040 ts
1083 2988 1198 3039 ommia
1220 2992 1294 3035 um

111 3073 175 3125 cina
193 3072 271 3126 nicht
289 3090 339 3127 vor
367 3074 430 3128 dem
448 3075 523 3129 Tode
548 3076 695 3131 desselben
738 3106 820 3129 ...—
838 3076 867 3127 ic
884 3092 936 3142 quc
957 3083 987 3125 ta
1011 3071 1078 3139 erm]
1106 3068 1178 3122 nach
1195 3058 1297 3123 aab

111 3156 214 3210 wieder
236 3157 307 3210 nach
325 3156 396 3210 Rom
422 3158 645 3227 zuriickgeksbrt
662 3179 696 3214 zu
738 3162 762 3226 8,
788 3162 804 3212 2
831 3157 911 3211 hatte
936 3156 995 3211 sich
1020 3154 1123 3209 (licina
1152 3154 1184 3207 in
1208 3148 1298 3217 calip

112 3240 180 3293 sein.
214 3239 251 3293 Es
269 3241 307 3293 ist
325 3241 390 3294 sehr
399 3241 590 3309 bezeichnend,
601 3243 652 3296 wie
666 3244 696 3296 in
738 3242 865 3296 schiston
890 3241 955 3294 dcrt
979 3237 1171 3307 aufgehalten.
1213 3232 1298 3289 niele

111 3323 216 3376 diesem
234 3323 298 3376 sehr
314 3324 407 3378 feinsu
425 3325 483 3378 und
509 3327 696 3396 sorgfaltigen
738 3329 814 3397 spicea
830 3342 924 3378 waren
942 3323 1054 3389 Rdmen
1072 3321 1177 3375 welche
1189 3320 1237 3374 aul
1261 3345 1263 3361 ·
1284 3351 1286 3356 .

112 3406 203 3460 Briefe
231 3407 325 3461 Cicero
350 3408 396 3461 die
422 3408 482 3460 ihm
510 3409 568 3463 und
595 3410 696 3464 casina
738 3410 890 3464 Riickreise
907 3424 957 3461 ans
969 3406 1056 3459 Asien
1064 3404 1160 3459 Cicero
1172 3406 1203 3459 in
1219 3403 1289 3457 ssia

112 3490 299 3560 gemeinsame
312 3491 533 3562 Beschiiftigung
550 3494 603 3547 mit
622 3494 698 3548 theo·
738 3493 1006 3560 Verbannungsorte
1023 3507 1057 3542 au
1074 3486 1292 3543 Thessalonicb1-

111 3574 252 3642 logischsn
271 3574 381 3643 Diogen
398 3576 534 3642 beiziebt‚
551 3576 609 3630 also
627 3576 697 3631 auch
739 3576 866 3630 snchten.
882 3603 916 3612 -
933 3570 1100 3640 confimat-s]
1111 3570 1300 3627 diebsstimn

112 3657 172 3711 hier
198 3657 300 3711 wieder
326 3658 407 3712 einen
434 3660 475 3712 oft
509 3658 696 3714 behsndelten
740 3660 944 3726 Versicharung
961 3654 1161 3724 aussprechen.
1232 3696 1237 3705 .

111 3741 332 3810 Gegenstandzu
344 3742 599 3797 individualisieren
609 3744 696 3798 weiss.
772 3747 796 3799 3.
814 3740 893 3809 ratio]
911 3739 1037 3794 Theonis.
1053 3767 1086 3776 -
1103 3758 1137 3793 aa
1153 3757 1201 3792 nos
1215 3737 1300 3806 quido

147 3831 169 3880 1.
187 3830 231 3881 sed
247 3838 334 3882 tumea
350 3824 450 3894 vereor]
468 3827 694 3894 epanaleptisoh:
739 3847 772 3881 zu
791 3844 835 3894 ep.
852 3828 894 3891 99,
910 3827 935 3878 4.
952 3852 986 3861 -
1002 3825 1221 3892 plurimoqra...
1273 3844 1296 3863 r·

112 3929 146 3964 zu
164 3928 207 3979 ep.
227 3913 267 3977 13,
290 3915 312 3964 1.
339 3939 373 3948 -
398 3909 499 3979 melico]
526 3910 602 3964 disse
629 3910 697 3964 Sub·
740 3912 789 3965 der
799 3905 1120 3963 attributiveGebrsucb
1129 3904 1267 3974 desSingu

112 3995 377 4063 stantiviarnngdes
388 3993 586 4060 Komparativs
600 3994 637 4046 ist
647 3995 698 4047 sel·
737 3996 869 4061 plurimus
885 3992 923 4044 ist
940 3992 970 4042 in
988 3990 1156 4044 klaasiscbsr
1175 3990 1258 4043 Prcsa
1271 4002 1296 4039 ss

112 4081 172 4129 ten:
182 4077 251 4144 N'ag.
262 4078 302 4131 St.
312 4081 345 4131 22
354 4079 573 4131 b.—studiorum
579 4076 696 4145 parium]
740 4086 788 4132 ten
807 4076 864 4130 und
880 4076 989 4129 kommt
1007 4073 1063 4126 fast
1080 4089 1137 4127 nur
1153 4073 1185 4127 in
1202 4073 1250 4126 der
1262 4068 1301 4123 Fc

112 4161 189 4214 kann
213 4162 347 4215 zuniicbst
373 4162 422 4215 auf
445 4162 490 4215 die
511 4161 699 4230 gemeinsame
741 4162 796 4215 mel
801 4162 946 4228 plurimam
954 4160 1065 4210 salutem
1080 4159 1168 4211 dicere
1182 4174 1231 4212 vor
1246 4155 1265 4218 (ι
1290 4175 1292 4182 ⁴

113 4244 332 4314 Beschdftigung
352 4248 405 4298 mit
423 4245 471 4298 der
488 4242 697 4311 divinatiogebn
739 4246 849 4299 melan
874 4241 1016 4305 Terentia,
1040 4240 1162 4295 fiinimsl
1193 4258 1230 4294 an
1299 4261 1301 4278 ·

114 4327 219 4396 (Cicero
243 4345 300 4381 war
319 4332 416 4397 Augur
442 4329 496 4382 seit
513 4327 565 4394 53),
591 4328 643 4381 wie
668 4343 698 4381 er
739 4327 857 4383 dreimal
874 4343 911 4380 an
928 4325 1031 4389 Cicero,
1053 4324 1160 4381 ebenso
1178 4327 1238 4379 att
1253 4316 1297 4375 XV

115 4413 252 4480 danuvi,
275 4414 330 4481 a,1
358 4430 412 4466 von
430 4412 511 4466 ihren
528 4413 617 4465 audio
633 4429 698 4464 ccm-
739 4415 781 4479 22,
797 4411 833 4479 8),
851 4410 902 4463 wie
929 4408 1013 4463 achon
1041 4408 1160 4463 Plautus
1184 4406 1260 4463 cura
1283 4409 1288 4449 ¹

109 4500 204 4553 musac
220 4498 339 4569 spricbt.
368 4495 700 4569 Vgl.sp.tl,13und53,
740 4496 888 4550 60:430:
904 4496 981 4547 lsstce
1007 4493 1112 4547 haesere·
1136 4494 1166 4545 in
1191 4489 1276 4547 Bw·
