2602 4890
116 186 175 249 140
597 185 641 236 Ad
657 185 723 238 fam.
740 183 773 251 V,
792 187 832 237 12.

112 350 312 435 posteritatis
329 349 370 413 ad
389 370 479 432 spem
496 350 660 431 quandam
678 351 935 416 immortalitatis
953 350 1050 433 rapit,
1074 350 1129 414 sed
1149 353 1190 416 eti

112 450 283 533 cupiditas,
301 460 339 513 us
357 449 406 514 vel
424 450 619 513 auctoritate
636 449 811 514 testimonii
828 452 877 513 tui
891 451 940 514 vel
954 450 1075 515 indicio
1084 450 1190 515 benev<

112 551 162 614 vel
184 552 346 615 suavitate
368 550 486 631 ingenii
508 548 570 612 vivi
592 551 806 632 perfruamur.

70 669 86 718 2
195 648 305 731 Neque
335 656 452 729 tamen,
485 649 564 713 haec
594 670 666 713 oum
694 650 885 729 scribebam,
916 673 1003 717 eram
1035 654 1171 729 nescius,

113 750 263 814 oneribus
286 770 464 832 premerere
487 759 709 833 susceptarum
732 772 840 816 rerum
862 758 896 817 et
911 754 976 817 iam
994 753 1189 818 institutaru

112 851 189 932 quia
211 850 359 914 videbam
381 850 486 914 italici
509 851 583 914 belli
601 859 633 914 et
660 852 760 915 civilis
781 852 950 917 historiam
967 855 1031 918 iam
1049 875 1071 916 a
1087 860 1120 917 te
1139 874 1190 936 par

111 953 297 1032 perfectam,
320 951 447 1014 dixeras
468 957 576 1015 autem
600 951 680 1014 mihi
703 958 734 1016 te
755 953 899 1035 reliquas
917 974 967 1017 res
985 953 1096 1029 ordiri,
1118 954 1190 1018 dees

111 1052 210 1129 nolui,
234 1052 313 1134 quin
336 1057 367 1115 te
391 1050 605 1128 admonerem,
628 1059 666 1115 ut
688 1055 857 1134 cogitares,
882 1055 1093 1118 coniunctene
1116 1056 1190 1118 mall

111 1152 243 1236 reliquis
264 1153 361 1216 rebus
379 1157 492 1216 nostra
510 1162 680 1217 contexere
697 1175 748 1231 an,
772 1160 809 1217 ut
827 1154 922 1218 multi
940 1154 1055 1218 Gracci
1074 1154 1190 1218 fecern:

109 1252 263 1316 tisthenes
285 1253 460 1316 Phocicum
490 1251 624 1329 bellum,
648 1251 796 1317 Timaeus
819 1253 947 1336 Pyrrhi,
974 1254 1131 1336 Polybius
1154 1255 1190 1317 Νι

110 1374 201 1423 num,
233 1352 290 1434 qui
323 1373 431 1416 omnes
464 1354 667 1434 aperpetuis
690 1353 755 1416 suis
778 1353 919 1417 historiis
941 1375 989 1430 ea,
1022 1375 1107 1435 quae
1131 1355 1190 1418 dix:

110 1460 349 1536 separaverunt,
372 1459 409 1516 tu
428 1473 557 1534 quoque
575 1454 653 1514 item
672 1453 795 1516 civilem
814 1453 1069 1518 coniurationem
1088 1455 1131 1517 ab
1153 1455 1190 1518 bo

109 1555 312 1636 externisque
344 1553 436 1617 bellis
459 1553 649 1634 seiungeres.
692 1551 849 1633 Equidem
874 1553 914 1616 ad
936 1558 1082 1617 nostram
1105 1553 1190 1617 laudi

108 1655 247 1717 multum
278 1653 372 1717 video
403 1654 565 1731 interesse,
597 1652 652 1716 sed
684 1653 725 1716 ad
756 1653 1017 1735 properationem
1038 1674 1189 1736 meamq

107 1754 242 1819 interest
264 1774 328 1818 non
351 1760 383 1816 te
405 1758 599 1834 exspectare,
622 1751 699 1815 dum
722 1752 762 1816 ad
785 1753 891 1817 locum
914 1754 1032 1830 venias,
1056 1774 1093 1816 sc
1117 1758 1190 1818 stati

108 1876 176 1919 sem
206 1855 293 1919 illam
317 1859 422 1918 totam
452 1859 484 1917 et
507 1860 632 1935 tempus
654 1854 814 1936 arripere,
847 1859 881 1917 et
902 1856 1007 1932 simul,
1030 1854 1058 1918 si
1080 1876 1145 1920 uno
1170 1858 1190 1919 ir

108 1963 216 2020 mento
247 1976 376 2038 unaque
402 1955 436 2018 in
467 1974 603 2036 persona
624 1974 712 2018 mens
734 1961 794 2019 tua
814 1961 887 2019 tota
908 1956 1105 2032 versabitur,
1139 1977 1190 2020 cer

108 2057 225 2133 animo,
249 2061 372 2137 quanto
398 2054 506 2119 omnia
527 2054 679 2118 uberiora
700 2060 799 2136 atque
821 2055 988 2120 ornatiora
1009 2055 1124 2120 futura
1147 2059 1190 2120 sin

190 2156 301 2239 Neque
324 2162 431 2220 tamen
453 2156 582 2236 ignoro,
605 2174 703 2236 quam
726 2155 925 2236 impudenter
947 2157 1073 2234 faciam,
1097 2160 1190 2239 quiy

105 2519 138 2527 -
156 2487 238 2557 rapis]
265 2490 318 2542 mit
346 2488 623 2542 unwiderstehlicher
639 2487 688 2541 (le
733 2493 803 2540 wort
829 2504 878 2542 sus
905 2487 968 2541 dem
990 2489 1177 2556 allgemeinen

104 2574 179 2626 walt.
206 2603 236 2611 -
264 2576 311 2625 illo
336 2571 473 2640 cupiditas]
499 2589 538 2623 me
558 2573 637 2638 rapit.
658 2598 687 2607 -
726 2575 851 2637 feceruut
876 2571 924 2624 das
951 2571 1078 2638 specielle
1101 2577 1190 2640 scripse

104 2662 143 2711 cst
161 2699 167 2710 .
187 2699 192 2709 .
212 2699 217 2709 .
235 2660 273 2709 vel
292 2697 298 2709 .
318 2698 324 2709 .
344 2698 349 2708 .
367 2655 416 2724 cel]
438 2656 569 2722 Luccejus
583 2655 620 2706 ist
629 2654 687 2706 ihm
731 2656 901 2708 entnehmen
928 2654 986 2707 und
1011 2664 1041 2705 ut
1066 2674 1098 2707 zu
1125 2658 1190 2710 wieo'

104 2745 144 2795 als
162 2742 316 2801 Politiker,
344 2740 470 2805 Freund,
488 2737 688 2792 Schriftsteller
732 2768 764 2776 --
787 2736 916 2805 Timaeus]
935 2754 984 2791 sus
1002 2737 1188 2792 Tauromenio

104 2827 192 2894 gleioh
211 2825 352 2879 wertvoll:
372 2825 425 2892 vgl.
440 2824 485 2890 §7
504 2824 634 2888 inpensum
731 2821 812 2874 cilien
839 2820 867 2886 (†
897 2838 919 2875 o.
951 2822 1011 2886 256)
1038 2821 1151 2874 schrieb
1181 2840 1190 2874 ε

104 2912 250 2961 assectas.
731 2904 854 2959 sohichte
869 2905 958 2959 dieses
971 2905 1097 2969 hendes3
1116 2914 1190 2975 getre

136 2995 160 3044 2.
178 2990 365 3058 institutarum]
385 2993 413 3043 in
426 2989 526 3042 Arbeit
544 2989 687 3058 begriffen.
731 2987 937 3042 diesemWerke
946 2988 1117 3042 behsndelte
1126 3006 1157 3042 er
1165 2990 1190 3042 di

107 3103 134 3110 --
154 3077 241 3127 Ιιαὶίεὶ
263 3073 332 3141 belli]
360 3075 407 3126 des
432 3074 688 3142 Bundcsgenossen·
731 3072 961 3140 desPyrrhns.-
975 3075 1096 3140 Potybius
1109 3076 1190 3127 lt'ams

103 3157 219 3225 krieges.
241 3186 267 3194 —
287 3161 399 3225 reliqum
417 3156 465 3224 res]
485 3158 529 3210 die
547 3157 686 3223 weiteren,
731 3155 1190 3224 PolybiussusMegslopolisschric

103 3243 233 3306 sp'dteren
261 3240 426 3309 Ereignisse.
462 3273 491 3280 —
524 3242 688 3293 Callisthenes
730 3240 780 3292 der
789 3239 925 3307 καθολική
935 3247 981 3293 καὶ
991 3239 1067 3307 κοινή
1081 3242 1188 3309 ἱστορία

103 3325 240 3375 Phocicum
274 3323 376 3392 bellam]
416 3323 456 3391 (so
488 3324 684 3377 Westermsnn
728 3324 831 3377 seinem
849 3322 1055 3389 Hauptwerlre,
1078 3326 1142 3378 eine
1161 3324 1190 3391 Sy

103 3411 176 3459 statt
194 3408 242 3460 der
256 3395 487 3476 iiberlieiernng:
511 3410 630 3461 Troicum
637 3410 685 3460 tsi-
727 3407 851 3461 sobichte
866 3406 913 3459 des
931 3407 1190 3462 numantinischen,

101 3489 174 3555 Isim).
209 3490 393 3544 Kallisthenes
420 3509 470 3544 sus
488 3492 609 3559 Olynth,
638 3491 685 3543 Be·
727 3508 803 3544 wosu
830 3506 860 3542 er
886 3489 942 3542 sich
967 3490 1038 3541 wohl
1055 3507 1104 3543 nm
1124 3509 1153 3544 so
1171 3492 1190 3544 e?

102 3573 200 3640 gleiter
226 3575 397 3629 Alexanders
423 3575 449 3627 d.
473 3575 518 3628 Gr.
544 3576 573 3627 in
592 3576 685 3638 Asien,
727 3572 1190 3639 sehlossenhsbenmochte,slser‹

102 3657 210 3711 schrieb
229 3674 323 3711 ausser
340 3659 416 3711 einer
432 3659 622 3726 griechischen
635 3657 685 3710 Ge·
724 3657 835 3725 jiihrige
853 3654 962 3708 Freund
988 3656 1037 3709 dos
1054 3655 1165 3725 Siegers
1188 3676 1190 3683 ·

102 3741 225 3795 sebichte
251 3740 406 3809 (Ἑλληνικά
436 3743 465 3793 in
490 3743 522 3794 10
547 3741 685 3805 Biichern)
727 3740 910 3793 mentiawsr.
946 3738 1028 3792 Diese
1042 3741 1190 3794 letztered

101 3842 164 3878 vom
182 3824 302 3878 Frieden
325 3825 372 3878 des
391 3824 559 3877 Antsllridas
577 3824 619 3876 bis
637 3839 686 3876 zur
727 3823 915 3888 libripenswie
925 3823 996 3876 noch
1004 3824 1189 3891 sinigesnder

101 3908 281 3977 Pliinderung
298 3909 346 3962 des
366 3906 544 3975 delphisohen
558 3906 686 3974 Tempsis
727 3907 776 3960 des
786 3905 916 3971 Polybius
934 3906 1061 3959 verloron
1071 3922 1190 3975 gegangr

100 3991 186 4044 durch
206 3991 250 4044 die
268 3992 375 4045 Phoker
392 3993 437 4045 ein
453 3989 538 4043 Werk
556 3998 618 4057 sepi
637 3994 684 4042 τοῦ
727 3988 876 4056 nioman]
887 3991 923 4042 ‘in
934 3988 1174 4059 Besiehnngsul'3

101 4075 174 4142 ἱεροῦ
192 4077 324 4139 πολέμου.
360 4079 462 4129 Ausser
480 4075 574 4128 diesen
589 4074 687 4128 beiden
729 4077 784 4139 122,
801 4077 825 4126 2.
847 4102 881 4111 -
907 4075 973 4126 dam
998 4076 1036 4125 ad
1060 4076 1143 4125 heron
1160 4092 1190 4126 es

100 4156 221 4211 Werlsen
248 4175 359 4212 nennen
381 4159 427 4212 die
444 4160 530 4211 Alten
548 4157 618 4211 noch
637 4173 684 4210 sn·
727 4153 1190 4212 diebetreffendeStelleindeinen

100 4241 165 4294 dere
183 4258 238 4294 von
257 4241 334 4309 ihm,
359 4240 532 4296 namentlich
554 4240 615 4294 eine
632 4239 683 4294 Ge·
725 4241 768 4293 bis
786 4239 928 4294 dieReihe
946 4256 982 4292 sn
998 4240 1073 4295 mich
1084 4240 1190 4294 kommt

100 4324 222 4377 sebichte
244 4325 293 4378 der
310 4325 447 4394 Feldziige
464 4323 637 4378 Alexanders
653 4325 683 4377 in
725 4324 797 4393 sons]
815 4342 849 4378 su
866 4340 909 4391 ep.
927 4326 973 4389 74,
990 4328 1014 4378 7.
1035 4352 1066 4363 -
1083 4344 1115 4379 ss
1131 4326 1190 4377 ussi:

99 4408 194 4461 Asien.
228 4407 286 4461 Fiir
303 4410 356 4462 den
373 4409 530 4463 Akkusstiv
547 4410 683 4462 Phocicum
725 4428 756 4461 as
782 4407 853 4461 nach
871 4426 923 4460 sos
940 4424 961 4462 s.
979 4408 1035 4461 PA.
1053 4409 1100 4477 11,
1124 4406 1190 4462 9Zu

95 4494 189 4545 bellms
208 4492 265 4546 und
284 4493 329 4547 die
346 4492 494 4562 folgenden
512 4493 550 4547 ist
559 4493 600 4546 sls
609 4491 684 4546 Zeit·
724 4490 1053 4561 αὸοήονα...οηιαιίοω]
1071 4491 1190 4547 bessishn
