2602 4890
394 188 651 265 mmmm
1066 194 1128 257 m

55 353 76 418 d
98 374 137 420 ea
157 353 230 438 plus
250 374 315 420 non
336 359 443 439 potest
463 375 562 438 qnam
585 355 632 421 vis
653 360 686 421 et
702 356 841 423 mutatio
859 355 1003 423 omnium
1019 377 1128 422 rernm

55 475 232 539 emporum.
275 455 391 539 ltaque
414 456 513 522 orbus
533 457 574 522 iis
590 458 688 524 rebus
706 456 862 537 omnibus,
884 457 1004 540 quibus
1022 464 1054 523 et
1071 478 1128 522 na-
1154 464 1171 515 3

55 576 69 621 e
90 562 123 620 et
143 556 295 622 voluntas
316 562 349 622 et
370 556 570 623 consuetudo
592 557 836 637 adsuefecerat·
853 577 927 623 oum
947 559 1070 637 ceteris,
1091 564 1129 624 ut

73 656 191 735 videor,
216 663 288 722 tum
309 653 388 723 milri
410 660 478 741 ipse
499 657 671 742 displiceo;
692 665 790 725 natus
807 659 891 725 enim
910 658 951 724 ad
969 658 1130 742 agendum

62 759 187 844 aliquid
202 759 334 840 dignum
351 758 431 839 viro,
449 779 535 824 nuno
552 780 616 825 non
633 759 729 826 modo
747 759 864 843 agendi
881 760 1039 826 rationem
1056 759 1129 823 nul-

55 863 123 941 beo,
146 860 202 925 sed
223 881 264 925 ne
286 858 452 941 cogitandi
474 859 615 943 quidem,
638 866 682 941 et,
703 860 761 944 qui
783 865 881 925 antea
902 863 961 924 aut
982 858 1130 925 obscuris

55 983 104 1026 ›us
135 967 193 1027 aut
224 961 322 1026 etiam
344 959 492 1025 sontibus
515 960 671 1044 opitulari
692 967 845 1045 poteram,
876 980 963 1024 nuno
984 959 1018 1025 P.
1040 958 1129 1042 Nigi-

55 1062 73 1126 d
95 1062 239 1127 omnium
260 1061 448 1126 doctissimo
469 1067 503 1126 et
523 1062 728 1127 sanctissimo
750 1068 784 1127 et
805 1061 945 1127 maxima
966 1059 1128 1143 quondam

58 1169 91 1227 et
121 1161 200 1227 mihi
231 1170 318 1228 certe
347 1161 550 1244 amicissimo,
585 1184 626 1228 ne
658 1164 796 1246 benigne
826 1161 956 1246 quidem
986 1160 1130 1244 polliceri

55 1315 91 1448 io
121 1365 183 1430 hoo
214 1371 362 1449 ereptum
392 1372 441 1431 est
461 1366 648 1432 litterarum
668 1384 786 1450 genus:
820 1364 982 1447 reliquum
1004 1366 1063 1440 est,
1093 1365 1130 1426 ut
1154 1369 1172 1420 4

55 1488 68 1530 r
89 1470 123 1530 et
145 1465 291 1531 adferam
312 1466 464 1548 rationes,
496 1466 615 1551 quibus
636 1472 671 1532 te
692 1486 711 1530 a
734 1465 889 1531 molestiis
911 1484 1007 1531 coner
1028 1462 1130 1530 abdu-

55 1567 95 1631 dt
125 1587 162 1631 ea
192 1566 322 1650 quidem
354 1568 494 1633 facultas
515 1568 565 1632 vel
587 1568 636 1632 tui
658 1566 708 1632 vel
729 1565 865 1632 alterius
887 1562 1075 1632 eonsolandi
1096 1564 1131 1627 in

55 1687 99 1732 na
121 1673 178 1747 est,
202 1668 230 1732 si
251 1688 406 1751 umquam
428 1669 462 1733 in
484 1669 551 1734 ullo
575 1669 652 1748 fuit3
675 1667 786 1752 itaque
803 1689 876 1733 eam
892 1676 1029 1752 partem,
1046 1685 1130 1749 quae

55 1768 147 1833 risita
167 1769 309 1851 quadam
330 1769 456 1836 ratione
478 1776 511 1836 et
533 1770 681 1836 doctrina
698 1769 923 1854 proficiscitur,
946 1788 1012 1834 non
1030 1767 1130 1832 attin-

55 1868 97 1933 ibi
127 1874 231 1933 totam
261 1869 462 1953 relinquam:
493 1870 572 1953 quid
604 1871 647 1935 sit
676 1870 755 1936 forti
786 1876 820 1936 et
840 1869 981 1953 sapienti
1002 1867 1131 1934 homine

54 2017 62 2048 ,
94 1968 173 2050 quid
195 1970 347 2052 gravitas,
377 1968 456 2054 quid
478 1969 619 2036 altitudo
643 1971 752 2050 animi,
775 1969 854 2053 quid
877 1976 952 2035 aeta
972 1975 1032 2034 tua
1052 1968 1130 2046 vita,

55 2068 138 2149 udia,
162 2070 239 2153 quid
260 2076 355 2151 artes,
378 2071 497 2154 quibus
516 2092 536 2137 a
552 2072 693 2155 pueritia
708 2070 858 2152 floruisti,
881 2091 902 2136 a
920 2078 953 2135 te
970 2069 1129 2152 flagitent,

55 2171 117 2248 bis3
149 2191 217 2253 ego,
249 2171 335 2255 quod
357 2172 544 2254 intellegere
564 2181 597 2238 et
618 2174 746 2252 sentire,
769 2173 847 2257 quia
868 2193 938 2237 sum
957 2171 1079 2236 Romae
1099 2174 1131 2235 et

55 2292 105 2336 1ro
137 2271 345 2356 attendoque‚
378 2294 519 2356 possum,
549 2273 582 2338 id
603 2273 665 2339 tibi
687 2273 832 2355 adfirmo,
863 2278 896 2339 te
916 2275 951 2337 in
968 2273 1039 2338 istis
1061 2292 1129 2337 mo·

65 2373 99 2436 in
129 2373 247 2454 quibus
278 2393 311 2437 es
332 2374 395 2439 hoe
416 2381 569 2458 tempore,
599 2396 664 2441 non
687 2374 810 2440 diutius
831 2374 990 2453 futurum,
1021 2373 1055 2437 in
1078 2371 1129 2436 his

63 2474 96 2537 in
118 2474 237 2557 quibus
259 2475 358 2539 etiam
375 2496 434 2540 nos
451 2495 570 2555 sumus,
593 2476 734 2543 fortasse
750 2497 877 2560 semper
894 2476 972 2541 fore.
1008 2473 1128 2539 Videor
1154 2480 1172 2534 ὅ

55 2575 208 2657 erepioere
238 2574 377 2659 primum
409 2576 509 2659 ipsius
539 2578 693 2657 animum,
726 2577 783 2660 qui
816 2577 991 2660 plurimum
1012 2580 1128 2658 potest,

55 2696 116 2739 lum
138 2675 181 2740 ad
201 2676 344 2741 salntem
364 2681 456 2741 tuam
477 2713 520 2725 —
540 2698 607 2742 non
624 2677 732 2743 scribo
749 2675 810 2742 hoo
827 2682 962 2741 temere:
986 2696 1052 2759 quo
1070 2676 1129 2740 mi-

55 2775 175 2842 niliaris
197 2797 277 2857 sum,
300 2775 362 2842 hoo
378 2797 450 2841 sum
467 2777 509 2842 ad
526 2778 785 2862 investigandum
803 2777 961 2843 curiosior
982 2796 1041 2841 -:
1063 2797 1129 2860 quo

55 3100 102 3158 ol,
128 3093 275 3143 intueri
301 3100 502 3159 coquatneo
545 3088 585 3144 St.
605 3094 645 3156 12,
664 3094 686 3144 l.
713 3118 746 3129 ·-
772 3101 820 3144 ast
845 3094 922 3146 otiam
947 3089 1069 3160 sontibus]
1096 3110 1130 3145 zu

55 3193 70 3224 o
78 3176 186 3226 mderiis
204 3177 380 3242 aequationem
394 3178 486 3228 sinant
493 3195 502 3240 ,⁶
545 3178 657 3244 ep.27‚4
667 3172 920 3244 aE.·-P.Niqldio]
930 3176 975 3229 fiir
983 3178 1033 3242 tili,
1043 3175 1131 3229 kraft·

55 3260 75 3308 Γπ
92 3261 167 3310 malis
193 3261 309 3312 ottonibus
335 3261 451 3311 acerbius
468 3267 504 3311 etl
545 3264 631 3319 voller
649 3261 688 3315 als
706 3259 756 3313 das
774 3260 945 3328 Pronomen3
963 3261 1018 3328 vgl.
1036 3277 1070 3312 ιιιι
1084 3276 1129 3327 ep.

55 3360 94 3392 om
103 3344 204 3397 audire.
222 3343 278 3397 Ver
286 3344 411 3395 videmini
420 3345 505 3408 ipsum
546 3348 697 3414 51‚16,—
721 3346 826 3412 benique
846 3341 977 3411 polliceri]
994 3362 1027 3396 zu
1046 3344 1087 3406 29,
1107 3347 1130 3396 1.

55 3427 105 3479 bar
122 3427 193 3480 naoh
211 3427 280 3493 qood
296 3428 379 3492 ipsam
392 3425 456 3480 darf
465 3426 505 3478 im
580 3434 605 3486 4.
629 3440 658 3482 ut
674 3426 796 3495 consoler]
822 3426 880 3481 Das
898 3427 1003 3495 Objekt
1020 3427 1131 3496 ergiebt

63 3509 141 3563 nicht
159 3509 303 3577 anffallen3
329 3512 395 3563 fam.
412 3509 447 3574 X,
466 3511 505 3576 10,
546 3514 605 3568 sioh
636 3530 685 3567 aus
713 3511 778 3565 dem
796 3510 1047 3580 Vorhergehenden
1074 3511 1131 3564 und

55 3593 324 3660 ematurumqwidem
342 3597 417 3646 etiam
434 3611 505 3647 leuno
546 3596 774 3666 Naohlolgenden
802 3612 856 3648 von
882 3594 988 3663 selbst;
1014 3595 1069 3663 vgl.
1097 3612 1130 3647 zu

56 3695 94 3728 em
111 3679 207 3730 indicio
217 3680 284 3745 soil.
547 3698 590 3750 ep.
608 3683 649 3747 33,
668 3685 690 3733 l.
709 3707 741 3717 —
766 3681 796 3731 in
812 3677 878 3746 villo]
905 3681 978 3731 allas
1003 3678 1132 3731 substan·

547 3764 665 3819 tivisob:
691 3763 747 3816 PA.
764 3762 799 3824 11,
820 3765 878 3828 172,
905 3765 930 3829 5,
958 3761 1022 3815 Zns.
1049 3789 1082 3798 -
1099 3762 1132 3812 ob

57 3847 118 3897 liceo
136 3844 207 3914 mitt]
224 3863 260 3899 nu
277 3863 321 3914 ep.
338 3848 363 3913 8,
372 3847 396 3899 3.
414 3846 507 3896 -oli
547 3850 673 3917 coquito
684 3888 691 3901 .
702 3888 708 3900 .
719 3887 725 3900 .
735 3846 863 3912 ἀοοινίπα]
882 3862 935 3899 von
965 3847 1042 3898 einer
1060 3860 1131 3912 ganz

55 3929 121 3998 eam]
140 3929 217 3983 nieht
235 3931 310 3995 diqai
330 3946 424 3999 wegen
441 3931 505 3982 niro.
547 3931 719 3986 besonderen
742 3929 985 3998 philosophisohen
1003 3925 1132 3980 Einsioht

55 4015 69 4062 li
138 4015 269 4079 ooqiloedi
285 4010 419 4080 rationem]
437 4013 505 4062 rollo
548 4016 610 4082 (wie
636 4017 674 4070 sie
700 4015 764 4069 dem
791 4014 978 4082 Pythagoreer
1004 4009 1132 4079 Nigidius

55 4097 89 4164 el,
107 4096 185 4166 Weg,
205 4095 404 4166 Mdgliohkeit'.
438 4095 505 4148 Man
547 4099 627 4169 eigen
646 4098 722 4165 war).
757 4097 812 4151 Mit
826 4094 1132 4162 derVerbindungvon

55 4198 93 4233 lus
112 4181 201 4234 dieser
218 4180 310 4247 Stella,
336 4178 388 4233 wie
414 4179 505 4247 wenig
546 4185 614 4235 ratio
631 4193 655 4236 et
672 4185 791 4236 doctam
808 4182 846 4234 ist
863 4180 908 4233 die
923 4196 994 4248 ganz
1005 4176 1133 4231 iihnliohe

55 4265 187 4333 lgsweise'
215 4264 312 4331 aqendi
345 4265 413 4315 ratio
448 4261 505 4316 und
547 4283 602 4322 von
628 4270 696 4320 sotio
720 4277 744 4321 at
768 4285 825 4332 ars,
851 4266 918 4317 rote'o
943 4273 967 4317 ot
992 4262 1133 4330 disciplina

55 4349 102 4403 ise'
120 4349 251 4415 coyitondi
268 4348 417 4416 (tendendi)
437 4350 505 4399 ratio
547 4369 582 4406 au
598 4351 783 4421 vorgleioben.
800 4377 833 4387 -
849 4368 903 4402 eoa
920 4346 1025 4415 diutim]
1054 4344 1133 4399 nieht

55 4432 177 4486 ielmehr
193 4450 283 4495 mores,
305 4434 432 4498 instituta,
448 4450 507 4484 oon·
548 4435 621 4489 allzu
639 4434 730 4503 lange.

55 4516 311 4582 aqae‚atadiootqae
321 4518 419 4583 soom
437 4514 505 4586 neg.
581 4519 606 4573 5.
620 4514 752 4587 fimum]
775 4516 826 4571 das
851 4516 953 4571 aweite
975 4514 1061 4568 (iliad
1080 4513 1142 4564 unit.
