2602 4890
128 207 187 268 160
604 205 648 258 Aa
666 205 732 259 fam.
749 202 810 270 vu,
829 206 852 255 1.
1206 148 1273 277 [ui.
1298 229 1301 244 ι

125 391 188 434 ιιοιι
217 370 314 435 modo
345 370 468 449 beatus,
502 370 558 437 sed
580 371 662 437 liber
684 369 815 435 onrnino
837 368 944 446 fuisse,
975 369 1083 453 dirupi
1105 392 1157 437 me
1178 374 1300 455 paenoi

124 469 241 534 iudicio
265 471 350 537 Gelli
374 471 509 550 Caninii,
538 470 706 537 familiaris
728 472 786 536 tui.
829 468 921 546 Quod
943 470 969 532 si
991 476 1060 535 tam
1081 470 1210 537 facilem
1230 492 1298 557 pop¹

124 569 192 633 lum
222 569 381 649 haberem,
410 592 508 654 quam
531 573 675 654 Aesopus
705 570 829 648 habuit,
860 568 998 633 libenter
1024 570 1239 639 mehercule:
1282 603 1300 631 ιι

125 669 297 735 desinerem
328 679 498 753 tecumque
528 678 562 736 et
592 694 665 736 oum
693 670 851 736 similibus
872 670 975 735 nostri
995 672 1152 750 viverem3
1182 692 1254 737 nam
1284 702 1294 728 o

124 791 196 835 eum
218 776 315 836 autea
336 773 499 851 taedebat,
530 793 602 838 oum
624 778 657 837 et
679 778 769 839 aetas
795 778 828 836 et
849 771 985 836 ambitio
1007 793 1057 836 me
1078 771 1270 837 hortabatur
1292 803 1300 828 ι

122 870 242 937 licebat
273 872 419 953 denique,
450 892 544 952 quem
574 872 734 952 nolebam,
766 893 829 936 non
861 869 1041 951 defendere,
1073 877 1147 936 tum
1176 891 1247 938 vero
1266 871 1293 935 b=

124 977 268 1054 tempore
285 972 353 1035 vita
372 971 462 1036 nulla
477 976 540 1048 est;
560 991 661 1055 neque
676 972 759 1036 enim
773 971 915 1035 fructum
928 970 1032 1034 ullum
1045 971 1172 1036 laboris
1184 992 1251 1037 exe
1262 1000 1287 1028 ιι
1300 1005 1301 1026 ι

123 1076 155 1135 et
185 1092 280 1153 cogor
311 1092 374 1135 non
397 1091 573 1153 numquam
595 1070 740 1136 homines
760 1092 827 1135 non
849 1071 969 1153 optime
990 1069 1031 1135 de
1054 1092 1105 1136 me
1126 1072 1256 1137 meritos
1290 1098 1293 1127 ι

80 1176 97 1229 5
123 1177 204 1254 gatu
234 1192 355 1250 eorum,
386 1172 443 1254 qui
473 1171 553 1236 bene
584 1173 691 1236 meriti
721 1178 808 1251 sunt,
840 1171 1017 1236 defendere.
1067 1170 1187 1255 Itaque
1212 1192 1301 1255 quw

122 1293 235 1338 causas
266 1274 368 1337 omnis
397 1274 573 1356 aliquando
604 1273 730 1337 vivendi
761 1273 925 1338 arbitratu
955 1293 1038 1352 meo,
1060 1279 1158 1356 teque
1184 1279 1218 1338 et
1235 1294 1255 1337 r:
1277 1300 1301 1328 ιιι

121 1377 279 1439 rationem
312 1375 369 1437 otii
395 1374 445 1437 tui
474 1379 507 1438 et
537 1374 634 1438 laudo
665 1372 869 1438 vehementer
899 1378 932 1437 et
953 1374 1064 1455 probo,
1097 1374 1249 1456 quodque
1266 1394 1298 1437 ιιι

121 1475 228 1537 minus
249 1474 419 1552 intervisis,
442 1474 503 1538 hoo
524 1473 592 1538 fero
616 1474 723 1538 animo
747 1472 909 1556 aequiore,
930 1474 1028 1556 quod,
1050 1475 1077 1537 si
1099 1474 1221 1539 Romae
1244 1500 1296 1530 πει

121 1580 230 1639 tamen
263 1594 367 1656 neque
396 1594 454 1637 nos
482 1572 589 1654 lepore
620 1578 687 1650 tuo,
719 1593 823 1655 neque
851 1579 945 1637 te-·
967 1573 1073 1656 siqui
1095 1580 1144 1638 est
1166 1574 1200 1636 in
1221 1592 1266 1637 me

121 1696 190 1740 meo
212 1675 276 1739 frui
296 1675 408 1738 liceret
430 1679 563 1755 propter
585 1673 827 1738 molestissimas
845 1675 1070 1756 occupationes
1090 1695 1196 1754 meas3
1214 1674 1299 1759 quib

121 1777 149 1840 ei
179 1797 229 1840 me
250 1776 399 1840 relaxaro
421 1811 463 1822 —-
492 1795 576 1853 nam,
609 1784 646 1838 ut
672 1774 767 1857 plane
790 1775 941 1854 exsolvar,
972 1796 1036 1840 non
1057 1776 1189 1859 postulo
1218 1812 1264 1855 -‚
1298 1805 1301 1826 ι

120 1878 235 1960 ipsum,
246 1877 300 1959 qui
319 1877 440 1940 multos
459 1896 561 1939 annos
578 1874 659 1937 nihil
677 1873 768 1938 aliud
785 1875 1020 1953 commentaris,
1038 1874 1161 1963 docebo
1176 1874 1263 1958 prof
1290 1900 1293 1926 ι

120 1975 200 2059 quid
222 1978 264 2041 sit
286 1976 469 2040 humaniter
487 1975 600 2040 vivere.
642 1973 692 2038 Tu
709 1974 803 2038 modo
822 1974 916 2038 istam
934 1973 1191 2040 imbecillitatem
1208 1972 1296 2039 valea

120 2077 204 2140 dinis
235 2083 311 2141 tuae
343 2081 489 2140 sustenta
515 2080 548 2137 et
569 2080 669 2153 tuere,
691 2079 729 2137 ut
750 2073 839 2152 facis,
862 2077 900 2137 ut
921 2080 1050 2139 nostras
1071 2074 1166 2141 villas
1188 2075 1271 2141 obire

121 2197 246 2241 mecum
268 2177 363 2240 simul
385 2175 535 2240 lecticula
558 2194 753 2239 concursare
774 2176 886 2257 possis.

121 2433 255 2440 ——-.-.
269 2431 400 2438 ...-...——
410 2429 536 2436 ..-——--

120 2610 223 2658 waren,
249 2611 279 2646 so
297 2598 356 2647 tret
374 2593 507 2646 wdhrend
533 2594 623 2646 dieser
640 2593 704 2646 Zeit
745 2592 834 2646 einem
853 2591 967 2646 Worte’.
1002 2621 1033 2629 —
1050 2603 1141 2659 coyata
1159 2592 1253 2660 eorum]
1275 2590 1299 2636 ι’Υ

120 2678 185 2731 kein
204 2677 350 2730 Stillstend
377 2677 427 2730 der
444 2676 574 2730 Geriohte
600 2677 653 2729 ein.
670 2709 703 2716 —
745 2677 879 2729 zun'a'ohst
896 2675 944 2728 des
962 2675 1117 2742 Pompejus.
1151 2677 1246 2731 Cicero

119 2780 170 2813 non
195 2763 268 2813 ruodo
293 2763 388 2826 bemus,
414 2762 458 2812 sed
483 2758 534 2827 ...]
563 2758 615 2812 ‘ioh
645 2759 703 2811 will
745 2761 863 2828 teidigte
880 2758 1120 2825 dfterMensoben‚
1137 2759 1183 2813 die
1201 2760 1287 2814 ersel

119 2846 197 2899 nicht
218 2848 321 2913 segem,
338 2845 458 2897 sondern
467 2842 624 2908 uberhaupt
639 2859 704 2910 nur3
744 2843 919 2897 verdemmte
945 2842 1011 2896 oder
1029 2842 1132 2906 herste,
1160 2861 1183 2895 z.
1201 2842 1233 2897 B.
1249 2842 1295 2896 ee

118 2930 173 2998 vgl.
200 2947 233 2981 zu
252 2946 294 2996 ep.
313 2931 336 2994 6,
354 2930 377 2980 2.
395 2958 428 2966 -
453 2925 525 2993 liber!
542 2928 653 2992 neqoriir.
672 2953 702 2961 -
744 2928 807 2979 nius
824 2927 882 2980 und
900 2926 1028 2978 Vatinius
1054 2924 1187 2989 (duriiber
1211 2942 1300 2996 genu*¹

121 3014 192 3064 Gelli
213 3012 327 3079 Caninii]
350 3011 482 3065 Caninius
510 3010 541 3075 (s.
559 3009 603 3062 die
621 3011 702 3061 Anm.
743 3029 776 3063 zu
795 3026 838 3076 ep.
856 3012 896 3073 36,
918 3007 971 3076 19);
989 3009 1044 3076 vgl.
1062 3026 1097 3062 zu
1113 3025 1159 3075 ep.
1175 3011 1259 3075 29,2
1287 3014 1291 3052 ἵ

118 3112 180 3147 zum
216 3095 461 3162 vorhergehenden
505 3093 596 3146 Briefe
630 3092 645 3158 ἓ
675 3092 702 3159 3)
743 3093 833 3146 kannt
858 3093 912 3157 ist,
947 3091 1010 3145 dese
1035 3090 1129 3145 Cicero
1161 3108 1245 3161 roger
1274 3090 1298 3145 d,

117 3178 226 3231 soheint
259 3195 355 3246 wegen
389 3176 610 3231 Wehlumtriebe
648 3192 702 3228 von
743 3177 863 3231 Catilina
898 3177 928 3228 in
962 3174 1039 3228 einer
1073 3192 1158 3229 causa
1193 3175 1229 3229 de
1253 3191 1291 3229 re·

118 3263 170 3314 den
189 3260 317 3329 Gegnorn
335 3261 382 3313 des
392 3261 539 3328 Pompejus
549 3259 702 3327 angeklagt
742 3261 837 3314 tundis
863 3277 896 3312 zu
925 3258 1099 3327 verteidigen
1124 3258 1257 3313 beubsioh
1283 3283 1289 3320 ς

117 3345 229 3397 worden
263 3363 296 3397 zu
323 3346 382 3397 sein
409 3344 467 3397 und
501 3360 574 3396 zwar
599 3342 702 3410 gerede
742 3344 813 3408 (Att.
836 3342 857 3402 Ι,
879 3345 904 3406 2,
924 3342 957 3409 l).
1000 3342 1050 3396 Bei
1074 3341 1125 3395 der
1150 3329 1256 3396 llberu
1272 3369 1275 3387 ι
1289 3366 1298 3384 ιι

114 3428 194 3494 jetzt‚
222 3445 269 3480 um
287 3427 410 3482 deduroh
429 3427 523 3480 seinen
541 3427 654 3480 Gdnner
671 3427 701 3478 in
741 3426 848 3480 soloher
878 3425 1116 3494 Verteidigungen
1150 3425 1298 3480 entsohi·-

116 3511 210 3564 <lieren
228 3512 400 3578 glenzvollen
419 3510 513 3577 Tagen
531 3529 564 3562 zu
582 3511 701 3564 demiiti-
742 3511 821 3563 mehr
839 3509 986 3577 politisohe
1004 3508 1062 3561 und
1079 3508 1256 3574 persdnliohe
1287 3513 1292 3552 ἵ

116 3613 179 3662 gen.
204 3582 279 3648 llber
297 3595 340 3647 die
351 3592 477 3661 Stellung
486 3593 533 3645 des
543 3593 699 3662 Cognomen
741 3593 910 3662 weggrdnde
936 3592 976 3644 als
1004 3590 1095 3644 Recht
1116 3590 1185 3644 oder
1204 3592 1249 3647 Un
1270 3617 1299 3636 ιιι

116 3697 148 3731 zu
167 3696 209 3745 ep.
230 3681 289 3741 122,
306 3680 330 3729 4.
349 3706 382 3713 —
400 3687 453 3727 ram
458 3675 577 3745 facilem]
596 3678 660 3731 dass
671 3694 699 3731 es
741 3676 788 3729 dee
806 3674 967 3744 Beklagten.
1002 3673 1028 3727 S.
1046 3673 1128 3727 Peter
1142 3672 1177 3729 R.
1186 3674 1283 3741 G.11‚l

116 3763 165 3814 ihu
175 3763 253 3815 nicht
262 3759 381 3826 auspfiff.
400 3789 431 3795 -
443 3771 523 3812 urcem
550 3760 698 3827 desinerem
741 3762 824 3813 Anm.

115 3846 226 3898 mainan
245 3844 330 3897 Beruf
344 3843 385 3894 als
402 3844 523 3896 Anwalt.
558 3843 609 3895 Die
627 3845 700 3897 Kon·
775 3844 799 3895 5.
825 3841 960 3907 intercute]
995 3840 1131 3906 familidr,
1167 3842 1221 3897 wie
1246 3858 1301 3895 nna

116 3929 253 3980 struction
280 3928 395 3978 desinere
420 3945 484 3990 rem,
512 3926 557 3978 die
583 3927 628 3979 bei
657 3927 700 3981 ci·
742 3925 855 3978 ‘einmal
885 3924 954 3977 nach
983 3924 1100 3991 jemand
1129 3925 1251 3979 sehn’:
1277 3947 1296 3970 ιι

115 4027 178 4063 cero
204 4009 354 4062 vereinzelt
380 4010 425 4074 ist,
451 4009 527 4061 steht
545 4008 608 4061 Sall.
635 4009 698 4061 hist.
741 4009 786 4063 bei
803 4009 927 4061 Plautus.
953 4034 986 4044 -
1014 4004 1068 4075 boc]
1094 4007 1133 4059 ist
1151 4008 1273 4063 Ablativ.

115 4094 148 4145 fr.
168 4092 221 4145 ine.
240 4095 256 4143 4
273 4091 322 4143 D.:
338 4094 430 4144 bellum
447 4094 535 4160 quibua
548 4103 699 4158 porretanu-
741 4091 897 4157 humaniter]
924 4092 979 4159 vgl.
1002 4107 1045 4157 ep.
1069 4093 1127 4157 118,
1143 4092 1169 4145 2.
1194 4120 1230 4129 -

115 4178 256 4229 dicionibus
274 4177 412 4237 desinerem
431 4176 532 4229 ebenso
545 4176 605 4229 Ter.
615 4175 698 4229 Haut.
742 4179 871 4229 oillitatem
887 4173 1008 4242 surrento]
1037 4174 1088 4227 wir
1113 4191 1218 4243 sagon:
1243 4172 1301 4227 ‘bul

114 4261 151 4326 Il,
167 4262 191 4325 3,
210 4261 244 4313 64
261 4281 293 4301 =
310 4261 370 4312 305:
388 4262 480 4311 milliar
497 4262 574 4312 telam
592 4262 699 4320 desicil5
742 4259 805 4313 dich
840 4257 966 4311 aufreeht
998 4257 1043 4311 bei
1067 4256 1277 4311 (lcirlerecl1¹”¹
1300 4285 1301 4298 ι

115 4342 189 4397 Suet.
220 4342 280 4395 Tib.
306 4344 353 4396 36:
387 4362 412 4396 re
446 4354 528 4395 artem
557 4346 699 4405 deuitwom
741 4343 831 4395 lichen
841 4340 1247 4407 Gerundheit'.·coucureorel
1257 4340 1301 4393 ‘hi

115 4427 219 4481 Fronto
245 4444 288 4494 ep.
307 4443 334 4494 p.
354 4429 402 4480 165
419 4426 464 4480 N.:
491 4430 632 4479 amic-iam
657 4428 699 4478 de
742 4425 800 4478 und
817 4423 958 4479 horreisen
975 4424 1044 4494 (vgl.
1061 4422 1227 4491 commearelr
1254 4420 1301 4477 N..

102 4514 195 4564 srtrere.
225 4540 259 4549 -
287 4509 411 4581 darique]
439 4510 619 4581 ‘iiberhaupt‚
647 4509 702 4563 mit
743 4507 784 4561 St.
803 4510 837 4563 81
858 4506 884 4561 S.
906 4509 956 4561 259
977 4507 1046 4561 iiber
1067 4510 1187 4563 micale
1209 4524 1243 4561 zu
1260 4504 1284 4575 fi.
