2602 4890
115 233 176 296 246
206 248 211 271 “
591 232 636 287 Ad
653 233 719 288 lam.
737 232 796 301 XV,
813 236 838 288 5.
1101 172 1104 177 ¹
1198 232 1205 303 l

114 403 221 463 strare
247 399 422 482 gaudeam:
455 399 575 484 itaque,
604 399 692 483 quod
714 420 772 484 pro
794 397 1007 464 meoiudicio
1029 399 1137 465 facere
1156 405 1205 483 pot

115 497 298 562 innocentia
329 497 525 580 consilioque
547 503 605 564 tuo
628 498 791 563 defensam
812 499 1020 582 provinciam,
1052 504 1205 565 servatum

115 597 263 663 barzanis
285 618 358 662 cum
379 598 449 680 ipso
470 618 545 680 rege
566 619 712 681 reguum,
734 601 894 663 sociorum
911 605 1097 665 revocatam
1119 600 1161 664 ad
1182 607 1205 664 st

115 696 242 781 imperii
272 697 383 762 nostri·
404 697 605 763 voluntatem
635 699 796 764 sententia
826 716 896 763 mea
928 704 960 763 et
990 700 1120 765 decreto
1151 701 1206 765 lau

72 797 90 848 2
116 797 183 862 feci
234 797 508 883 supplicationem
540 797 712 879 decretam,
745 799 772 862 si
803 805 850 879 tu,
880 818 946 881 qua
967 799 1001 862 in
1022 820 1057 864 re
1078 799 1161 863 nihil
1181 802 1205 864 f(

115 897 171 962 sed
193 919 318 963 summa
340 904 399 963 tua
420 900 545 964 ratione
568 905 600 964 et
622 898 822 964 continentia
842 896 890 961 rei
911 898 1059 980 publicae
1081 899 1205 980 provisu

113 998 162 1062 dis
195 999 434 1064 immortalibus
460 1000 622 1081 gratulari
643 1019 702 1063 nos
724 1019 821 1082 quam
846 997 907 1061 tibi
928 998 1048 1063 referre
1070 1006 1204 1082 acceptu

113 1099 170 1179 vis,
201 1100 343 1181 gaudeo:
375 1099 461 1182 quod
491 1098 518 1165 si
539 1099 697 1182 triumphi
718 1098 976 1182 praerogativam
998 1104 1096 1180 putas
1118 1100 1205 1182 supp

113 1221 187 1265 nem
219 1206 252 1266 et
274 1200 375 1267 idciro
397 1222 506 1266 casum
528 1201 638 1284 potius
661 1220 760 1284 quam
781 1206 814 1264 te
834 1199 962 1265 laudari
983 1200 1095 1276 mavia,
1125 1221 1205 1283 nequ

113 1301 322 1385 plicationem
354 1302 500 1385 sequitur
522 1323 646 1386 semper
676 1302 870 1384 triumphus,
893 1306 924 1365 et
949 1299 1113 1384 triumpho
1135 1300 1203 1363 mul

112 1401 180 1469 rius
202 1408 252 1467 est
272 1410 421 1468 senatum
442 1401 584 1467 iudicare
606 1402 716 1485 potius
736 1398 986 1465 mansuetudine
1007 1404 1040 1464 et
1060 1399 1205 1463 innocent

112 1502 272 1585 peratoris
303 1503 500 1586 provinciam
532 1522 630 1584 quam
660 1501 691 1564 vi
721 1500 862 1564 militum
890 1505 948 1564 aut
970 1499 1205 1581 benignitates⁴

112 1608 273 1668 retentam
304 1610 402 1688 atque
432 1609 654 1668 conservatam
677 1622 752 1683 esse,
785 1601 871 1683 quod
893 1621 953 1683 ego
975 1620 1047 1664 mea
1068 1602 1205 1665 sententi

112 1703 230 1769 sebam.

69 1804 87 1856 3
197 1806 303 1887 Atque
332 1804 411 1871 haec
441 1827 501 1890 ego
531 1806 649 1870 idcirco
680 1804 720 1870 ad
743 1810 777 1869 te
799 1811 913 1869 contra
935 1803 1198 1868 consuetudinem

57 1960 62 1969 .
111 1902 258 1987 pluribus
289 1905 411 1988 scripsi,
442 1911 488 1987 ut,
511 1905 599 1989 quod
629 1906 766 1970 maxime
792 1904 875 1985 volo,
907 1903 1067 1968 existimes
1089 1924 1140 1967 me
1163 1902 1205 1967 lal

111 2011 149 2070 ut
182 2006 244 2070 tibi
276 2006 485 2089 persuadeam
515 2026 566 2069 me
587 2011 619 2070 et
641 2005 781 2069 voluisse
802 2005 842 2068 de
863 2010 922 2069 tua
943 2003 1123 2081 maiestate,
1147 2024 1205 2086 qu(

110 2104 289 2188 plissimum
311 2106 372 2170 sim
395 2107 584 2186 arbitratus,
606 2111 647 2185 et,
669 2105 755 2189 quod
778 2111 815 2169 tu
837 2104 990 2181 maluisti,
1013 2104 1135 2168 factum
1159 2124 1205 2167 ess

111 2204 195 2271 dere.
239 2205 318 2270 Vale
340 2212 373 2271 et
394 2227 454 2272 nos
476 2205 573 2289 dilige
595 2212 627 2271 et
648 2205 800 2270 instituto
821 2204 937 2269 itinere
957 2203 1165 2269 severitatem
1185 2204 1205 2268 d

108 2306 253 2389 tiamque
273 2306 367 2371 sociis
388 2312 421 2372 et
442 2308 488 2373 rei
511 2305 659 2391 publicae
680 2310 821 2390 praesta.

109 2626 418 2695 Appositionsgenitive
439 2645 472 2680 zu
491 2637 570 2679 mom.
597 2654 628 2665 -
647 2628 694 2679 ad·
729 2628 843 2694 fortuito
863 2627 968 2693 factum
990 2634 1041 2691 est,
1066 2625 1111 2676 sed
1129 2627 1196 2677 nibil

109 2709 267 2778 ministrare]
294 2710 421 2764 absolut:
462 2710 567 2765 ‘seinen
593 2709 693 2764 Dienst
730 2712 866 2777 prouisum
893 2719 936 2762 eet.
972 2703 1044 2761 Eine
1074 2708 1203 2761 dhulicbe

109 2793 188 2859 than,
208 2793 303 2862 thiitig
320 2794 388 2859 sein,
406 2792 536 2848 winken’:
557 2793 627 2862 Nag.
652 2792 692 2847 St.
735 2793 768 2846 de
786 2810 826 2847 or.
845 2792 894 2860 ΙΙΙ,
912 2794 944 2846 52
959 2813 965 2844 :
983 2794 1065 2845 Nemo
1083 2795 1176 2844 retulit
1196 2812 1205 2845 e

110 2877 167 2943 114,
184 2879 216 2944 3;
233 2878 289 2946 vgl.
307 2877 367 2931 cas.
385 2877 411 2930 b.
429 2877 461 2931 G.
479 2878 525 2945 IV,
542 2880 584 2945 29,
600 2880 628 2931 2:
650 2896 692 2931 ae·
733 2879 769 2929 bia
841 2879 886 2930 aed
904 2877 1068 2943 contempsit,
1097 2874 1205 2929 ‘sonder

108 2978 158 3027 quc
183 2962 241 3012 ulla
268 2964 359 3013 uostris
373 2964 495 3029 facultas
518 2972 563 3014 aut
581 2964 691 3014 admz'ru'·
734 2961 783 3014 ...’
804 2949 926 3012 ilhnlich
935 2959 974 3011 im
983 2959 1197 3013 Griechischen:

106 3044 209 3095 strandi
234 3055 280 3097 aut
306 3047 457 3097 ouailiandi
473 3046 600 3106 dotatum
627 3043 692 3099 Sall.
731 3062 765 3097 zu
782 3043 851 3098 Xen.
870 3046 923 3096 An.
941 3043 962 3110 I,
979 3044 995 3095 3
1014 3044 1057 3108 115;
1075 3041 1138 3109 Spr,
1155 3044 1196 3106 61,

108 3125 168 3192 Ing.
185 3128 226 3193 92,
243 3129 260 3180 9
277 3131 369 3182 milites
385 3147 465 3198 neque
477 3148 529 3196 pro
546 3146 621 3196 opere
634 3147 692 3180 coa·
730 3124 875 3196 protelari]
893 3144 925 3180 zu
945 3143 989 3193 ep.
1006 3129 1051 3190 21,
1071 3129 1093 3180 1.
1120 3153 1155 3163 -·
1178 3146 1205 3194 pr

107 3212 193 3264 statere
214 3221 323 3279 propter
349 3215 509 3281 iniquitatem
540 3214 691 3279 lectaeque
732 3213 822 3276 tinam]
870 3208 1068 3279 urspriinglich
1104 3209 1150 3264 die
1185 3211 1205 3263 b

107 3295 174 3346 inter
190 3295 279 3347 uineas
295 3297 350 3348 aaa
362 3298 480 3363 periculo
498 3296 689 3349 administrare.
731 3295 873 3350 Komitien
915 3297 1008 3346 zuerst
1043 3293 1205 3347 stimmsnde

108 3407 140 3416 -
155 3396 206 3444 pro
223 3396 277 3431 meo
293 3377 399 3445 iudicio]
417 3398 451 3432 zu
464 3396 508 3447 ep.
522 3382 562 3445 52,
580 3381 612 3445 6;
631 3379 689 3432 dies
734 3380 821 3433 daher
846 3377 888 3432 oft
919 3377 973 3430 den
1000 3377 1156 3447 Ausschlag
1191 3397 1205 3446 g

107 3460 145 3513 ist
172 3479 243 3529 ganz
261 3461 356 3514 scheri
370 3464 587 3531 vorangeetellt:
612 3463 691 3516 mehr
734 3462 875 3526 Centurie,
906 3460 981 3514 daun
1000 3460 1205 3515 ‘Verbedeutun

106 3562 140 3597 zu
153 3543 224 3597 thun
242 3544 306 3598 dh.
324 3545 369 3597 far
386 3544 430 3599 die
441 3543 638 3613 Supplikation
657 3564 690 3598 zu
731 3546 808 3613 judin
826 3545 880 3598 fur’
894 3585 899 3597 .
912 3585 939 3597 ..
957 3573 991 3582 -
1008 3563 1089 3613 neque
1105 3549 1205 3614 supplic

106 3627 248 3694 stimmen,
266 3645 325 3682 war
343 3628 398 3681 mir
415 3628 493 3682 nicht
510 3630 639 3699 mdglich.
660 3659 688 3669 -
734 3670 740 3683 .
759 3669 765 3683 .
785 3627 800 3696 .]
818 3628 1010 3682 Nachsatz:zu
1021 3631 1126 3697 ep.8,2.
1144 3648 1206 3680 —r

105 3708 222 3779 decreto]
250 3727 315 3765 vom
343 3711 486 3765 einzelnen
514 3712 631 3768 Senator
655 3732 690 3767 zu
733 3710 871 3780 cometam]
890 3730 923 3765 zu
941 3729 985 3779 ep.
1004 3714 1045 3778 58,
1061 3715 1086 3765 4.

105 3812 150 3864 ep.
169 3798 210 3854 51,
229 3799 269 3849 11.
766 3799 790 3850 3.
808 3796 943 3860 adsumes}
970 3795 1018 3849 des
1037 3794 1155 3850 Priissns
1173 3796 1205 3849 ist

140 3880 164 3932 2.
183 3881 250 3931 nibil
267 3879 380 3942 fortuito,
397 3879 442 3930 ced
501 3881 637 3947 provisum
645 3879 688 3949 est]
732 3880 776 3936 die
802 3877 1002 3933 unmittelbare
1020 3878 1182 3950 Beziehung
1199 3899 1205 3933 ι

106 3980 139 4015 zu
147 3963 261 4029 fortuito
279 3978 353 4015 muse
371 3978 420 4015 aus
439 3961 501 4015 dem
520 3962 642 4017 Verbum
660 3962 690 4015 fi·
731 3963 943 4031 priisentischen
958 3962 1166 4018 Zwischensatz
1183 3983 1205 4031 qr

104 4044 196 4098 nitum
221 4048 355 4113 provisum
380 4055 416 4099 cst
444 4046 494 4099 das
526 4046 689 4114 allgemeine
730 4051 799 4100 xime
816 4047 871 4097 colo
889 4065 923 4100 zu
940 4047 1079 4101 erklitren.
1099 4077 1128 4083 —
1148 4067 1204 4101 seve

97 4130 205 4196 factam
223 4139 258 4181 est
275 4129 395 4197 gedacht
413 4128 532 4183 werden.
555 4129 688 4198 Zugleich
730 4132 760 4184 in
785 4131 833 4184 der
855 4130 1112 4201 Aufrechthaltung
1127 4132 1205 4187 der(

105 4211 143 4264 ist
160 4211 206 4264 fiir
224 4211 422 4281 dasSataglied
441 4212 495 4264 mit
509 4214 553 4266 red
566 4215 689 4267 cusnitit
730 4214 889 4283 gegentiber
925 4214 974 4269 der
1005 4214 1161 4271 viellachen
1197 4217 1205 4257 t

105 4291 689 4366 deraffirmativeBegriff‘alles’zuergltn·
731 4298 779 4352 der
805 4297 1016 4368 gewiihnlichen
1042 4298 1205 4357 Provincial*

188 4375 274 4430 adasa
284 4378 334 4433 der
343 4377 407 4433 Sata
416 4384 515 4448 streng
523 4396 688 4449 genommen
730 4386 846 4451 turgeu.

226 4458 276 4531 dig
300 4478 331 4517 so
357 4461 466 4518 heissen
488 4462 597 4518 wiirde:
623 4465 689 4518 nibil
