2602 4890
57 228 74 296 .]
458 225 511 278 no.
529 226 590 279 Art.
609 225 630 289 1,
649 229 688 278 ιι.
1130 229 1171 290 83

55 429 186 474 cnorum
209 406 363 486 studium,
386 413 419 471 te
442 412 550 471 autem
574 405 639 470 alia
656 405 787 471 minime
804 408 1067 489 reprehendenda
1084 411 1170 475 ratio

55 517 196 575 onestum
220 507 321 573 otium
343 505 445 572 duxit.
489 506 574 572 Vera
604 506 735 590 quidem
766 505 861 572 laude
893 510 1076 592 probitatis,
1099 510 1170 575 dili-

55 630 99 687 ae,
130 607 296 690 religionis
326 628 430 689 neque
461 628 511 671 me
542 606 603 672 tibi
633 626 739 689 neque
767 628 961 690 quemquam
989 616 1170 693 antepono:

55 713 83 776 is
105 731 182 775 vero
203 730 279 791 erga
302 730 361 787 me,
393 729 466 773 cum
497 730 517 773 a
548 708 694 772 fraterno
715 729 824 773 amore
847 708 1086 793 domesticoque
1107 711 1170 774 dis-

75 813 135 876 tibi
167 810 288 893 primas
320 809 439 874 defero.
482 808 557 873 Vidi
588 808 683 887 enim,
714 808 778 872 ridi
812 809 1003 893 penitusque
1025 812 1172 894 perspexi
1198 820 1214 873 6

55 914 96 979 eis
118 911 216 975 variis
240 910 442 992 temporibus
463 917 496 973 et
519 908 752 974 sollicitudines
776 915 808 974 et
829 909 972 974 laetitias
994 917 1086 977 tuas:
1109 912 1173 976 fuit

65 1033 163 1095 saepe
186 1017 218 1076 et
248 1009 354 1075 laudis
383 1015 515 1074 nostrae
545 1009 724 1092 gratulatio
751 1016 809 1075 tua
831 1010 972 1076 iucunda
994 1017 1027 1076 et
1048 1012 1173 1076 timoris

55 1115 143 1178 »latio
166 1119 270 1194 grata.
313 1110 398 1187 Quin
428 1111 507 1174 mibi
537 1130 621 1174 nunc
651 1116 684 1174 te
706 1110 837 1176 absente
858 1132 922 1176 non
944 1111 1047 1177 solum
1070 1112 1172 1177 consi·

85 1222 209 1298 quotu
233 1213 375 1290 excellis,
409 1213 463 1275 sed
493 1211 591 1277 etiam
621 1211 777 1276 sermonis
808 1213 1067 1292 communicatio,
1089 1233 1173 1297 quae

64 1313 258 1378 suavissima
279 1317 386 1376 tecum
407 1312 491 1376 solet
514 1330 590 1388 esse,
613 1311 751 1375 maxime
773 1312 862 1376 deest
884 1350 926 1359 —
947 1313 1026 1395 quid
1043 1313 1173 1378 dicam?

55 1416 157 1481 iblica
177 1413 239 1477 re‘?
261 1412 381 1496 quoin
404 1432 520 1493 genere
542 1411 621 1474 mihi
643 1411 825 1494 neglegenti
851 1432 918 1477 esse
940 1434 1005 1478 non
1026 1414 1110 1491 licet,
1131 1435 1173 1479 an

55 1520 143 1581 rensi
173 1514 306 1578 labore?
337 1532 432 1596 quem
454 1517 550 1576 antea
572 1516 706 1594 propter
731 1512 942 1578 ambitionem
964 1514 1173 1594 sustinebam,

74 1623 113 1680 ut
136 1615 328 1698 dignitatem
360 1613 443 1677 tueri
475 1613 582 1694 gratia
604 1613 733 1694 possim,
762 1634 803 1677 an
833 1616 867 1678 in
894 1615 972 1697 ipsis
994 1615 1175 1680 domesticis

55 1718 130 1781 :iisl
162 1719 194 1780 in
226 1715 345 1799 quibus
377 1734 436 1795 ego
467 1734 540 1778 cum
572 1718 676 1793 antea,
708 1720 778 1778 tum
809 1736 885 1780 vero
906 1722 981 1798 post
1003 1715 1174 1779 discessum

55 1820 77 1881 is
112 1828 144 1881 te
176 1834 402 1897 sermonesque
434 1820 563 1879 nostros
593 1812 759 1880 desidero:
790 1823 951 1898 postremo
982 1836 1047 1880 non
1080 1815 1174 1880 labor

85 1939 149 1982 non
182 1915 318 1998 requies,
351 1934 415 1977 non
446 1913 611 1996 negotium
643 1935 708 1979 non
731 1915 843 1996 otium,
875 1936 939 1980 non
958 1917 1101 1981 forenses
1122 1935 1174 1979 res

61 2018 267 2094 domesticae,
297 2034 359 2079 non
386 2016 532 2096 publicae
563 2036 627 2079 non
657 2015 805 2098 privatae
835 2037 946 2082 carere
968 2016 1092 2081 diutius
1113 2024 1171 2081 tuo

55 2120 157 2181 ssime
173 2124 271 2198 atque
289 2115 510 2180 amantissimo
529 2114 661 2180 consilio
682 2137 719 2181 ac
738 2137 885 2182 sermone
902 2123 1046 2200 possunt.
1067 2118 1174 2201 Atque
1200 2125 1217 2177 7

57 2378 106 2423 ten
124 2369 292 2424 Gesoblifteu
311 2367 340 2420 in
359 2368 407 2420 der
425 2368 550 2422 Provinz.
592 2371 721 2423 iucundae
747 2370 812 2437 (von
838 2369 906 2436 tuno)
941 2370 979 2422 ist
1013 2368 1176 2438 ergiitzlich,

55 2472 80 2506 rs
100 2455 179 2507 hatte
198 2452 270 2504 wohl
290 2451 332 2504 bei
354 2452 444 2504 seiner
461 2451 551 2505 Riick·
592 2452 750 2519 erfreulioh,
768 2454 935 2523 engenehm,
952 2452 1075 2506 insolern
1088 2457 1175 2506 etwas

74 2539 144 2591 nach
172 2535 377 2590 Griechenland
402 2535 551 2604 gefnnden,
593 2534 762 2605 Vergniigen
777 2537 917 2605 gew'a'brt3
936 2547 1028 2605 protus
1042 2536 1176 2590 bedentet

55 2639 80 2674 er
99 2620 232 2674 wtihrend
247 2620 336 2672 seines
353 2619 551 2673 Aufentbaltes
593 2620 751 2688 angenehm
790 2622 894 2674 seinem
929 2621 1045 2674 inneren
1080 2618 1176 2674 Werte

55 2723 91 2757 rm
112 2706 141 2757 in
169 2705 264 2757 seinen
282 2703 451 2757 Geschiilten
469 2702 552 2756 Sobe-
594 2703 674 2770 nach,
692 2703 882 2771 wohlthuend,
900 2704 1105 2768 dankenswert,
1122 2703 1175 2755 wie

55 2790 168 2852 elaten,
187 2789 244 2842 und
262 2788 341 2842 hatte
358 2788 447 2841 dieses
459 2787 551 2840 Cicero
593 2804 616 2841 a.
643 2787 673 2840 Β.
703 2787 765 2841 eine
790 2787 911 2850 bittere‚
937 2787 1004 2840 aber
1029 2786 1176 2840 wirksame

58 2889 121 2925 nem
143 2872 233 2925 briefe
250 2872 428 2940 angedeutet.
441 2873 552 2923 -llszlu'
594 2872 704 2925 Aranei.
740 2870 803 2940 Vgl.
822 2870 1057 2937 Att.111,24‚2:
1083 2872 1122 2922 itu
1138 2889 1177 2923 oe

60 2968 197 3023 peraperta
223 2952 319 3023 est...]
346 2972 411 3008 man
437 2954 552 3008 benchte
594 2957 667 3019 ritas,
693 2958 792 3009 etium
818 2956 935 3007 iucundo
959 2973 1012 3006 noe
1045 2962 1087 3015 eet,
1113 2954 1178 3005 milri

55 3039 254 3108 (ortstellung:
271 3039 326 3092 mir
342 3038 552 3092 brauchtestdu
593 3048 680 3091 torreo
695 3048 772 3106 prata
789 3048 838 3099 est5
865 3054 907 3104 ep.
932 3039 998 3103 114,
1025 3040 1131 3102 1.117,
1154 3041 1177 3090 1.

75 3124 155 3177 nicht
173 3142 206 3176 zu
225 3140 318 3191 eugen,
335 3122 552 3177 dennniemand
593 3151 627 3159 -
644 3123 673 3175 in
688 3125 793 3189 publica
818 3119 857 3188 re]
884 3142 917 3165 =
934 3123 963 3173 in
984 3123 1124 3189 publicane
1140 3140 1177 3175 re.

65 3209 159 3261 besser
177 3208 218 3259 als
238 3206 331 3260 ioh...
346 3237 377 3246 -
397 3203 551 3274 inpeaaitar]
594 3235 628 3243 —
653 3224 702 3274 qsto
736 3208 766 3257 in
789 3202 894 3272 genere]
920 3204 950 3257 in
985 3205 1103 3258 weleber
1128 3204 1179 3259 Be·

55 3308 88 3344 er
107 3290 231 3342 taktvoll
254 3291 327 3342 wilre
343 3291 483 3357 intepritas,
502 3289 551 3342 das
594 3290 722 3357 ziehuug,
757 3288 861 3356 worin3
895 3289 957 3342 eine
991 3287 1103 3357 hiiufige
1128 3289 1179 3342 der

57 3373 124 3427 cher
159 3373 209 3426 auf
233 3372 552 3440 Geldangelegenheiten
594 3372 784 3426 Deutliohkeit
816 3372 913 3426 halber
946 3373 1086 3441 gewlihlte
1113 3372 1178 3426 Um·

55 3455 552 3524 ese.-ro1anrotemiaatitntoevitoe]
594 3455 778 3525 schreibung:
804 3458 866 3509 Att.
892 3455 950 3521 III,
975 3458 1008 3522 7,
1025 3458 1057 3523 33
1075 3472 1118 3524 ep.
1135 3458 1177 3521 44,

55 3541 244 3595 rerschiedene
262 3540 344 3593 Wabl
370 3556 487 3593 unserer
504 3540 552 3594 Le·
594 3543 626 3606 23
657 3541 722 3607 103,
744 3542 783 3594 13.
808 3568 840 3576 -
866 3549 975 3606 propter
1006 3539 1177 3608 ambitionem]

55 3624 190 3692 iohtung’.
209 3626 269 3692 Vgl.
287 3622 405 3691 Seyffert
423 3623 480 3677 Pal.
498 3623 552 3677 (iic.
594 3624 702 3678 meiner
722 3624 888 3692 politischen
907 3621 1055 3676 Laufbahn
1072 3640 1178 3692 wegen.

55 3726 168 3758 ‚-cnm
178 3707 463 3776 discessi]‘abgesehen
478 3710 553 3760 von’:
595 3709 657 3778 Vgl.
675 3726 731 3762 was
749 3709 842 3762 Cicero
868 3707 908 3759 im
934 3706 960 3759 J.
986 3707 1019 3759 66
1044 3706 1112 3774 imp.
1129 3706 1178 3759 Cn.

55 3796 69 3857 1,
90 3795 128 3844 18.
147 3793 213 3844 fam.
224 3791 270 3858 Vl,
288 3795 328 3859 12,
345 3794 410 3844 2.-
417 3789 551 3859 fraterno]
595 3795 691 3861 Pomp.
710 3794 726 3845 2
744 3808 798 3846 von
816 3790 874 3844 sich
900 3792 964 3858 sagt
989 3789 1047 3843 und
1073 3789 1103 3856 Q.
1121 3789 1177 3844 (lic.

55 3894 98 3929 en.
117 3876 186 3929 subi.
595 3878 629 3931 de
647 3881 703 3944 pet.
725 3891 799 3929 oona.
826 3876 867 3927 38.
893 3874 934 3928 47.
960 3901 995 3910 -
1020 3871 1101 3940 trane]
1128 3874 1177 3926 das

55 3962 131 4011 arrd-b
137 3961 288 4027 gratulatio,
301 3961 401 4011 timoris
409 3956 552 4024 consolatio]
595 3960 719 4014 Verbum
744 3959 813 4011 dazu
840 3958 878 4010 ist
903 3973 952 4010 aus
979 3956 1041 4010 dem
1068 3956 1179 4010 rorher·

58 4050 123 4111 sagt
149 4044 251 4097 ebenso
275 4045 409 4111 protelari
435 4043 552 4109 aliquid:
595 4043 739 4113 gebenden
757 4043 946 4110 zuergiinzen.
959 4068 989 4078 -
1003 4042 1178 4092 amantissimo

57 4144 114 4179 was
133 4127 214 4193 (Phil.
244 4127 278 4191 II,
303 4126 355 4193 28),
381 4126 434 4178 wie
452 4127 554 4193 aliquid
595 4125 709 4194 canalio]
727 4127 779 4179 wie
797 4142 840 4193 ep.
857 4127 899 4190 41,
916 4127 940 4178 2.

55 4213 113 4262 nri:
137 4212 213 4276 iiber,
240 4210 270 4263 in
295 4214 381 4264 etwas
399 4209 476 4272 (fam.
495 4208 554 4275 VII,
629 4216 653 4267 7.
671 4206 839 4276 vaecordia]
862 4207 1052 4278 ‘Zartgellihl’.
1073 4236 1100 4246 -
1119 4226 1179 4275 pro·

55 4317 58 4362 ;
84 4295 143 4348 Mil.
160 4298 206 4349 97:
232 4312 299 4362 quae
316 4295 461 4347 brendorum
487 4294 554 4346 vitoe
595 4298 664 4349 butor
682 4312 732 4348 care
758 4290 872 4360 volanti]
898 4309 949 4345 ecoe
974 4293 1081 4347 kdnnte
1108 4291 1177 4346 auch

55 4390 163 4439 areum,-
190 4382 251 4432 Att.
276 4377 323 4441 IV,
347 4380 386 4444 18,
402 4379 434 4430 2:
452 4378 555 4430 diremi
596 4379 698 4444 lehlen,
717 4378 780 4431 eine
797 4375 844 4429 bei
861 4376 954 4430 Cicero
971 4374 1121 4430 beeouders
1135 4375 1178 4429 be·

55 4483 80 4516 m
93 4504 99 4514 .
110 4503 116 4515 .
126 4503 133 4516 .
142 4466 260 4516 creator.
275 4462 436 4530 Nipperdey
445 4479 478 4515 zu
491 4459 554 4514 Tac.
597 4462 683 4517 liebte
693 4460 861 4531 Wendung:
878 4459 1029 4529 Landgral
1042 4458 1193 4512 morboso.

68 4545 122 4611 ΙΙΙ,
146 4548 198 4615 24).
225 4578 257 4587 -
291 4546 553 4619 iucunda...9rata]
596 4543 1212 4619 2,ΡΑ.11,104,2ιι.2,118.2Ὧ,111--
