2602 4890
57 210 69 280 .]
427 212 471 265 Ad
487 213 552 266 lem.
569 210 630 276 Vll,
646 213 670 266 b.
1089 214 1147 277 165

57 399 73 455 e,
87 384 122 444 ut
141 399 215 444 eum
227 378 306 442 meis
320 376 468 443 omnibus
482 377 596 442 studiis
615 375 775 442 benefieiis
791 397 889 459 quam
907 376 1146 444 ornatissimum

57 499 81 542 m
95 478 286 544 reducerem.
316 476 377 542 Sed
398 483 511 560 postea
526 497 625 560 quam
642 481 675 541 et
692 475 835 560 Pompeii
852 479 1061 544 commoratio
1077 477 1147 543 diu-

57 601 77 642 ιι
93 587 172 659 erat,
190 600 288 662 quam
306 585 466 662 putarem,
485 584 518 643 et
535 597 608 643 mes
623 576 781 660 quaedam
799 576 861 643 tibi
877 598 942 642 non
959 578 1073 661 ignota
1089 578 1147 643 du-

57 698 65 743 >
85 686 142 744 aut
159 679 312 763 impedire
328 678 562 761 profectionem
580 698 683 742 meam
704 676 875 741 videbatur
894 683 953 742 aut
974 684 1060 743 certe
1080 686 1148 744 tar·

73 778 153 857 ride,
176 779 255 862 quid
275 778 355 843 mihi
375 777 583 861 sumpserim:
615 778 706 860 coepi
727 776 864 841 vallese
884 775 1073 842 Trebatium
1094 799 1148 843 ex-

59 900 91 943 re
121 900 141 943 a
167 886 212 956 te,
242 899 325 963 quae
350 887 510 963 sperasset
531 898 552 943 s
571 898 638 956 me,
668 898 773 961 neque
794 876 973 942 mehercule
992 878 1098 941 minus
1118 880 1149 943 ei

56 1000 69 1043 s
90 979 130 1044 de
151 986 211 1046 tua
231 980 398 1045 voluntate
415 979 558 1063 promisi,
580 998 680 1061 quam
696 998 786 1044 eram
802 977 918 1043 solitus
934 977 975 1042 de
991 998 1063 1043 mea
1078 976 1147 1060 pol-

57 1201 131 1245 asus
161 1200 236 1245 vero
263 1179 415 1244 mirificus
437 1178 569 1263 quidam
591 1179 765 1244 intervenit
783 1177 878 1262 quasi
898 1177 948 1242 vel
968 1180 1060 1244 testis
1081 1179 1147 1263 opi·
1173 1179 1190 1230 2

79 1302 169 1347 meae
199 1282 248 1345 rel
278 1300 412 1364 sponsor
442 1279 658 1345 humanitatis
689 1287 772 1346 tuas.
814 1278 898 1344 Nem
929 1296 1002 1344 cum
1028 1277 1068 1344 dc
1089 1278 1149 1344 hoc

56 1383 191 1448 Trebatio
220 1403 293 1447 cum
315 1382 419 1448 Balbo
441 1387 552 1448 nostru
572 1381 720 1465 loquerer
742 1382 926 1446 accuratius
945 1378 1032 1445 domi
1049 1400 1149 1459 meae,

56 1504 75 1547 e
102 1482 183 1546 mihi
204 1482 325 1548 dantur
346 1503 368 1547 a
383 1489 426 1561 te,
452 1482 569 1565 quibus
585 1482 619 1546 in
636 1481 787 1546 extremis
802 1482 958 1563 scriptum
976 1486 1065 1546 eret:
1090 1479 1149 1544 sbi.

55 1603 121 1661 ιιιι,
154 1604 250 1665 quem
272 1582 352 1647 mihi
373 1582 586 1661 commendas,
607 1581 657 1645 rel
677 1600 785 1664 regem
807 1580 931 1646 Galliae
953 1581 1079 1661 faciam,
1101 1583 1150 1647 vel

56 1684 171 1768 Leptae
189 1683 311 1767 delega,
329 1684 357 1747 si
373 1684 429 1751 ris.
466 1682 515 1748 Tu
533 1683 575 1749 ad
593 1704 642 1747 me
659 1682 759 1747 alium
776 1682 879 1762 mitte,
897 1700 992 1765 quem
1009 1700 1149 1749 omemr.

60 1784 143 1848 imus
164 1804 279 1849 manus
300 1789 412 1866 elego
433 1791 468 1849 et
489 1783 627 1849 Balbus:
657 1789 752 1848 tanta
772 1782 835 1848 fuit
856 1783 1089 1866 opportunitas,
1112 1790 1151 1849 ut

56 1884 153 1948 nescio
175 1883 253 1965 quid
274 1904 338 1949 non
360 1883 539 1962 fortuitum,
563 1883 616 1948 sed
638 1884 779 1948 divinum
801 1884 970 1948 videretur.

55 2311 57 2327 .
85 2269 163 2322 nicht
189 2285 297 2336 nupero
315 2268 369 2321 suf.
389 2298 417 2307 -
436 2271 528 2322 uallis
563 2273 649 2338 faisse
673 2275 789 2340 aliqum
805 2276 948 2340 waldam.
973 2301 1006 2310 -
1030 2274 1066 2325 M.
1089 2272 1150 2326 Titi·

55 2350 77 2418 'sl
101 2350 169 2404 iiber
186 2350 236 2404 das
255 2351 418 2419 Asyudston
435 2370 468 2405 zu
485 2369 527 2419 ep.
569 2352 653 2422 mam]
689 2356 832 2410 unsichere
862 2356 1068 2425 Verbesserung
1097 2374 1150 2411 von

55 2445 163 2501 -pcsesa
179 2452 257 2502 qaam
332 2433 397 2502 erat]
419 2436 474 2504 vgl.
494 2452 527 2488 za
570 2436 741 2508 Wesenberg
770 2439 815 2493 fiir
836 2441 885 2495 das
906 2440 1082 2495 iiberlieierte
1102 2442 1150 2508 ilfi·

72 2523 94 2571 1.
114 2546 144 2555 -
162 2537 221 2571 mea
296 2517 434 2587 dubitatio]
454 2520 529 2573 seius
570 2525 660 2585 alam
686 2524 733 2577 ein
750 2522 872 2577 Titinius
893 2524 964 2579 wird
980 2525 1021 2578 als
1039 2523 1152 2578 Frennd

57 2602 178 2668 lichkeit‚
196 2600 266 2655 Bam
283 2620 318 2658 zu
334 2605 529 2667 verbereum
570 2605 677 2659 Ciceros
703 2606 749 2661 bei
766 2605 869 2661 Sueten
896 2609 929 2663 de
955 2607 1112 2663 rhetoribus
1134 2610 1151 2660 2

55 2685 139 2740 ladius
149 2684 208 2737 ihm
217 2685 529 2740 nachschadenkonuts.
570 2688 713 2743 erwiihnt:
740 2690 886 2757 jsdenfslls
921 2709 979 2747 war
1008 2692 1058 2747 der
1087 2690 1151 2743 Em·

55 2772 114 2822 >lise
142 2766 261 2836 promisi]
292 2772 439 2837 mammae
473 2768 530 2822 und
571 2771 717 2840 pfohlene,
750 2774 821 2828 nach
851 2775 948 2830 (lisere
975 2773 1152 2830 schersender

54 2856 62 2904 ι’
95 2850 361 2921 (‘Versprecbungen
394 2851 529 2919 machen’)
571 2857 776 2927 Answeicbnng
792 2876 826 2911 zu
843 2859 1001 2925 schlisssen‚
1025 2858 1089 2912 kain
1107 2856 1152 2911 be·

56 2937 150 3006 hbufig
164 2937 213 2990 das
228 2936 407 3002 adverbium,
424 2953 466 2991 wc
478 2937 529 2989 wir
570 2940 724 2995 declamet
739 2941 834 2997 Manu.
860 2942 939 2996 Anah
956 2942 1006 2997 das
1023 2942 1152 3011 folgende

54 3021 120 3087 ·jekt
147 3025 256 3074 setzen:
289 3022 365 3087 lens,
390 3021 529 3073 liberaliter
570 3028 609 3078 cel
634 3028 702 3078 lans
727 3026 824 3092 Leptae
849 3028 937 3093 delapsi
962 3026 1001 3081 ist
1029 3029 1074 3081 fuir
1099 3044 1151 3080 uns

54 3123 91 3157 ere
116 3103 182 3157 oder
207 3106 329 3170 polliceri.
372 3103 442 3172 nug.
467 3102 528 3156 Stil.
570 3107 648 3163 nicht
679 3107 759 3161 mehr
786 3109 990 3174 verstiiudlich;
1017 3110 1153 3165 Mendela-

569 3191 639 3246 scbn
665 3195 818 3245 vermutet:
859 3195 898 3247 val
928 3196 1096 3263 συγκλέπιην
1121 3197 1152 3249 de

54 3269 113 3337 albo]
140 3271 171 3324 Is
191 3271 332 3325 Cornelius
355 3270 457 3325 Balbus
480 3270 528 3325 der
570 3275 604 3341 (e)
617 3274 773 3341 Sepcatiacls
794 3276 881 3342 (Caes.
899 3277 925 3331 b.
942 3275 975 3331 (l.
993 3276 1029 3343 V,
1049 3281 1094 3344 21,
1118 3279 1153 3346 1),

70 3372 119 3407 aus
136 3354 225 3407 Gades
243 3353 340 3420 (daher
358 3354 527 3408 verichtlich
568 3359 658 3412 demit
681 3374 712 3412 er
737 3358 795 3412 sich
822 3360 886 3414 dort
911 3361 965 3414 mit
988 3362 1042 3415 mir
1067 3366 1152 3416 etwas

54 3442 93 3490 lus
110 3442 234 3507 genennt
250 3441 308 3492 nst.
326 3436 394 3503 Vll,
420 3438 451 3503 3,
477 3436 528 3504 11),
569 3442 833 3509 zusammenstah103
850 3442 1151 3499 Cbsarbedsnktesich

55 3540 71 3573 n
90 3521 213 3589 Spanien
229 3538 317 3591 gegen
331 3520 466 3577 Sertorius
483 3538 529 3591 ge·
570 3527 666 3593 spiiter
678 3529 795 3593 persalse
811 3537 834 3580 et
856 3530 1003 3581 lsamaas'les·
1015 3517 1153 3584 fdrllber-

54 3606 100 3659 und
118 3606 195 3659 daun
205 3606 256 3660 das
268 3608 336 3661 rdm.
346 3608 531 3677 Biirgerrecbt
573 3609 755 3678 sendungdes
765 3610 911 3665 Trebatius
921 3612 1050 3680 (Q.fr.11,
1064 3616 1104 3679 13,
1117 3613 1153 3680 3),

56 3708 89 3755 ιι;
117 3690 157 3742 als
186 3690 244 3742 ihm
262 3690 349 3743 dieses
366 3692 529 3761 assessing
571 3691 629 3744 und
646 3691 739 3746 Cicero
755 3695 883 3750 erwbbnt
901 3694 931 3762 Q.
948 3696 982 3750 fr.
999 3696 1043 3762 Π,
1071 3698 1151 3762 10,5

54 3782 76 3826 ιι
88 3773 191 3836 warde,
204 3773 531 3843 verteidigteibnllicerc
572 3778 669 3828 ιὀοιιιιι.
680 3816 686 3830 .
697 3779 783 3830 ulios
800 3781 831 3832 de
848 3797 896 3831 sac
912 3790 1033 3846 matare:
1056 3780 1152 3848 irgend

65 3857 136 3911 noch
163 3856 359 3913 vorhsndenen
376 3858 459 3913 Reda.
493 3858 532 3911 Er
573 3858 655 3912 einen
671 3858 771 3915 Schera
796 3861 826 3914 in
852 3863 954 3916 diesem
975 3862 1061 3917 Sinne
1078 3879 1153 3917 mass

53 3946 119 3994 Lsars
130 3940 292 3995 Vertrsuter
310 3941 533 3997 nndGesoh‘ifts·
573 3942 643 3995 anob
670 3960 768 3999 ansere
785 3944 868 3999 Stella
892 3946 1036 4000 entheltsn
1053 3946 1153 4000 beben.

71 4027 99 4079 in
118 4025 206 4090 Rom,
233 4041 313 4079 wenn
339 4027 426 4081 dieser
444 4027 532 4081 selbst
573 4024 768 4081 -Sastuls‘mas
785 4026 887 4096 aranas]
905 4029 949 4083 die
961 4029 1088 4084 Gabiirde
1105 4030 1153 4085 des

53 4115 94 4164 ort
120 4110 266 4164 ubwesend
283 4127 347 4164 war.
381 4109 442 4180 Vgl.
459 4110 532 4164 Einl.
572 4110 755 4178 Eustaunens,
773 4114 824 4166 wie
842 4112 1095 4179 uhnlishnssull,
1108 4115 1152 4168 63:

63 4196 103 4247 75.
122 4193 152 4259 Q.
171 4194 204 4247 fr.
223 4192 264 4260 ll,
291 4195 339 4260 10,
356 4197 388 4247 4:
413 4195 531 4262 (thessa)
573 4194 726 4248 Hortensius
743 4206 827 4249 amm
843 4198 1000 4251 adsemealer
1010 4198 1154 4262 admirans,

78 4280 114 4329 ael
139 4280 257 4345 Balbum,
271 4281 430 4346 fasciculam
457 4281 532 4332 illum
572 4280 641 4346 qaod
656 4281 759 4346 quidem
771 4290 897 4347 perpetuo
913 4282 1023 4334 meula
1040 4284 1153 4348 loquente

53 4381 135 4427 iram,
170 4364 198 4414 ἱιι
227 4381 276 4430 qao
300 4364 396 4429 fuerat
423 4381 481 4417 mea
507 4373 532 4416 st
568 4363 682 4429 fecerat,
707 4373 738 4415 at
753 4365 829 4416 aiam
846 4381 939 4415 manas
955 4382 1031 4431 saepe
1047 4367 1153 4418 tolleret.

53 4456 129 4497 latum
148 4448 194 4498 sili
210 4465 281 4514 aqua
297 4448 432 4499 madidam
448 4448 532 4500 reddi·
573 4444 673 4498 Catuli
690 4447 732 4512 53,
744 4448 772 4498 4:
786 4448 922 4499 admirasse
929 4448 1040 4500 althaea
1051 4466 1160 4499 manus-

53 4548 81 4595 se,
98 4531 244 4583 sstneillad
251 4532 354 4597 quidem
363 4532 431 4599 sciat,
448 4548 531 4583 meam
571 4532 768 4600 pasiadras·
783 4550 838 4586 ιιοιι
844 4528 1185 4601 Ῐοπιιὶιιιιιῆιιιιωιιιιι.
