<?xml version="1.0" encoding="UTF-8"?>
<!DOCTYPE html PUBLIC "-//W3C//DTD XHTML 1.0 Transitional//EN"
    "http://www.w3.org/TR/xhtml1/DTD/xhtml1-transitional.dtd">
<html xmlns="http://www.w3.org/1999/xhtml" xml:lang="en" lang="en">
 <head>
  <title>
</title>
<meta http-equiv="Content-Type" content="text/html;charset=utf-8" />
  <meta name='ocr-system' content='tesseract 3.04.00' />
  <meta name='ocr-capabilities' content='ocr_page ocr_carea ocr_par ocr_line ocrx_word'/>
</head>
<body>
  <div class='ocr_page' id='page_1' title='image "./epistulaeselect00boecgoog_0374.png"; bbox 0 0 2602 4890; ppageno 0'>
   <div class='ocr_carea' id='block_1_1' title="bbox 55 184 1139 255">
    <p class='ocr_par' dir='ltr' id='par_1_1' title="bbox 55 184 1139 255">
     <span class='ocr_line' id='line_1_1' title="bbox 55 184 1139 255; baseline 0.012 -16"><span class='ocrx_word' id='word_1_1' title='bbox 55 184 73 255; x_wconf 71' lang='lat' dir='ltr'><strong>J</strong></span> <span class='ocrx_word' id='word_1_2' title='bbox 191 230 194 237; x_wconf 95' lang='lat'><em>.</em></span> <span class='ocrx_word' id='word_1_3' title='bbox 425 185 656 254; x_wconf 61' lang='lat' dir='ltr'>mmma</span> <span class='ocrx_word' id='word_1_4' title='bbox 1078 190 1139 254; x_wconf 65' lang='lat' dir='ltr'><em>w</em></span> 
     </span>
    </p>
   </div>
   <div class='ocr_carea' id='block_1_2' title="bbox 55 351 1201 2247">
    <p class='ocr_par' dir='ltr' id='par_1_2' title="bbox 55 351 1140 439">
     <span class='ocr_line' id='line_1_2' title="bbox 55 351 1140 439; baseline 0.006 -24"><span class='ocrx_word' id='word_1_5' title='bbox 55 410 56 415; x_wconf 73' lang='grc'>,</span> <span class='ocrx_word' id='word_1_6' title='bbox 77 351 210 436; x_wconf 84' lang='lat' dir='ltr'>quidem</span> <span class='ocrx_word' id='word_1_7' title='bbox 232 372 351 419; x_wconf 83' lang='lat' dir='ltr'>vacuus</span> <span class='ocrx_word' id='word_1_8' title='bbox 372 352 538 433; x_wconf 91' lang='lat' dir='ltr'>molestiis,</span> <span class='ocrx_word' id='word_1_9' title='bbox 560 353 618 419; x_wconf 91' lang='lat' dir='ltr'>sed</span> <span class='ocrx_word' id='word_1_10' title='bbox 639 374 719 437; x_wconf 91' lang='lat' dir='ltr'>prae</span> <span class='ocrx_word' id='word_1_11' title='bbox 740 353 836 419; x_wconf 88' lang='lat' dir='ltr'>nobis</span> <span class='ocrx_word' id='word_1_12' title='bbox 865 354 990 421; x_wconf 86' lang='lat' dir='ltr'>beatus.</span> <span class='ocrx_word' id='word_1_13' title='bbox 1033 356 1140 439; x_wconf 87' lang='lat' dir='ltr'>Atque</span> 
     </span>
    </p>

    <p class='ocr_par' dir='ltr' id='par_1_3' title="bbox 55 452 1141 637">
     <span class='ocr_line' id='line_1_3' title="bbox 55 452 1140 538; baseline 0.001 -21"><span class='ocrx_word' id='word_1_14' title='bbox 55 473 87 519; x_wconf 84' lang='lat' dir='ltr'>so</span> <span class='ocrx_word' id='word_1_15' title='bbox 107 452 223 518; x_wconf 89' lang='lat' dir='ltr'>melior</span> <span class='ocrx_word' id='word_1_16' title='bbox 253 458 302 519; x_wconf 88' lang='lat' dir='ltr'>est</span> <span class='ocrx_word' id='word_1_17' title='bbox 322 458 381 517; x_wconf 88' lang='lat' dir='ltr'>tua</span> <span class='ocrx_word' id='word_1_18' title='bbox 412 472 511 536; x_wconf 90' lang='lat' dir='ltr'>quam</span> <span class='ocrx_word' id='word_1_19' title='bbox 542 458 655 518; x_wconf 89' lang='lat' dir='ltr'>nostra</span> <span class='ocrx_word' id='word_1_20' title='bbox 685 452 839 534; x_wconf 85' lang='lat' dir='ltr'>condicio,</span> <span class='ocrx_word' id='word_1_21' title='bbox 871 454 960 538; x_wconf 91' lang='lat' dir='ltr'>quod</span> <span class='ocrx_word' id='word_1_22' title='bbox 990 460 1037 535; x_wconf 85' lang='lat' dir='ltr'>tu,</span> <span class='ocrx_word' id='word_1_23' title='bbox 1059 454 1140 538; x_wconf 90' lang='lat' dir='ltr'>quid</span> 
     </span>
     <span class='ocr_line' id='line_1_4' title="bbox 71 553 1141 637; baseline -0.001 -18"><span class='ocrx_word' id='word_1_24' title='bbox 71 554 212 620; x_wconf 89' lang='lat' dir='ltr'>scrihere</span> <span class='ocrx_word' id='word_1_25' title='bbox 233 554 343 634; x_wconf 91' lang='lat' dir='ltr'>audes,</span> <span class='ocrx_word' id='word_1_26' title='bbox 365 574 425 620; x_wconf 93' lang='lat' dir='ltr'>nos</span> <span class='ocrx_word' id='word_1_27' title='bbox 446 574 487 618; x_wconf 90' lang='lat' dir='ltr'>ne</span> <span class='ocrx_word' id='word_1_28' title='bbox 508 553 544 617; x_wconf 93' lang='lat' dir='ltr'>id</span> <span class='ocrx_word' id='word_1_29' title='bbox 565 553 697 637; x_wconf 91' lang='lat' dir='ltr'>quidem</span> <span class='ocrx_word' id='word_1_30' title='bbox 726 558 802 620; x_wconf 87' lang='lat' dir='ltr'>tuto</span> <span class='ocrx_word' id='word_1_31' title='bbox 823 575 1002 637; x_wconf 89' lang='lat' dir='ltr'>possumus,</span> <span class='ocrx_word' id='word_1_32' title='bbox 1024 573 1083 620; x_wconf 91' lang='lat' dir='ltr'>nec</span> <span class='ocrx_word' id='word_1_33' title='bbox 1107 554 1141 619; x_wconf 92' lang='lat' dir='ltr'>id</span> 
     </span>
    </p>

    <p class='ocr_par' dir='ltr' id='par_1_4' title="bbox 55 653 1141 839">
     <span class='ocr_line' id='line_1_5' title="bbox 55 653 1141 739; baseline 0 -21"><span class='ocrx_word' id='word_1_34' title='bbox 55 675 64 718; x_wconf 85' lang='lat' dir='ltr'>s</span> <span class='ocrx_word' id='word_1_35' title='bbox 85 655 176 735; x_wconf 84' lang='lat' dir='ltr'>vitio,</span> <span class='ocrx_word' id='word_1_36' title='bbox 198 675 262 738; x_wconf 91' lang='lat' dir='ltr'>quo</span> <span class='ocrx_word' id='word_1_37' title='bbox 284 654 366 719; x_wconf 89' lang='lat' dir='ltr'>nihil</span> <span class='ocrx_word' id='word_1_38' title='bbox 387 654 598 734; x_wconf 73' lang='lat' dir='ltr'><strong>moderatius,</strong></span> <span class='ocrx_word' id='word_1_39' title='bbox 621 653 676 720; x_wconf 86' lang='lat' dir='ltr'>sed</span> <span class='ocrx_word' id='word_1_40' title='bbox 693 656 796 738; x_wconf 91' lang='lat' dir='ltr'>ipsius</span> <span class='ocrx_word' id='word_1_41' title='bbox 813 655 977 737; x_wconf 81' lang='lat' dir='ltr'>victoriae,</span> <span class='ocrx_word' id='word_1_42' title='bbox 995 674 1079 739; x_wconf 91' lang='lat' dir='ltr'>quae</span> <span class='ocrx_word' id='word_1_43' title='bbox 1097 654 1141 720; x_wconf 88' lang='lat' dir='ltr'>ci·</span> 
     </span>
     <span class='ocr_line' id='line_1_6' title="bbox 72 754 553 839; baseline -0.004 -18"><span class='ocrx_word' id='word_1_44' title='bbox 72 755 167 821; x_wconf 87' lang='lat' dir='ltr'>bellis</span> <span class='ocrx_word' id='word_1_45' title='bbox 187 776 311 839; x_wconf 80' lang='lat' dir='ltr'><strong>semper</strong></span> <span class='ocrx_word' id='word_1_46' title='bbox 333 760 382 819; x_wconf 90' lang='lat' dir='ltr'>est</span> <span class='ocrx_word' id='word_1_47' title='bbox 403 754 553 820; x_wconf 91' lang='lat' dir='ltr'>insolens.</span> 
     </span>
    </p>

    <p class='ocr_par' dir='ltr' id='par_1_5' title="bbox 55 854 1183 939">
     <span class='ocr_line' id='line_1_7' title="bbox 55 854 1183 939; baseline 0.004 -21"><span class='ocrx_word' id='word_1_48' title='bbox 55 876 91 921; x_wconf 88' lang='lat' dir='ltr'>no</span> <span class='ocrx_word' id='word_1_49' title='bbox 112 861 145 921; x_wconf 91' lang='lat' dir='ltr'>te</span> <span class='ocrx_word' id='word_1_50' title='bbox 165 856 309 936; x_wconf 84' lang='lat' dir='ltr'>vicimus,</span> <span class='ocrx_word' id='word_1_51' title='bbox 331 856 419 939; x_wconf 91' lang='lat' dir='ltr'>quod</span> <span class='ocrx_word' id='word_1_52' title='bbox 440 856 479 922; x_wconf 92' lang='lat' dir='ltr'>de</span> <span class='ocrx_word' id='word_1_53' title='bbox 499 855 653 936; x_wconf 79' lang='lat' dir='ltr'>Marcelli,</span> <span class='ocrx_word' id='word_1_54' title='bbox 677 856 822 938; x_wconf 79' lang='lat' dir='ltr'>collegae</span> <span class='ocrx_word' id='word_1_55' title='bbox 840 854 899 934; x_wconf 94' lang='lat' dir='ltr'>tui,</span> <span class='ocrx_word' id='word_1_56' title='bbox 918 854 1023 920; x_wconf 90' lang='lat' dir='ltr'>salute</span> <span class='ocrx_word' id='word_1_57' title='bbox 1040 855 1140 939; x_wconf 86' lang='lat' dir='ltr'>paulo</span> <span class='ocrx_word' id='word_1_58' title='bbox 1167 869 1183 922; x_wconf 78' lang='lat' dir='ltr'>e</span> 
     </span>
    </p>

    <p class='ocr_par' dir='ltr' id='par_1_6' title="bbox 56 954 1142 1040">
     <span class='ocr_line' id='line_1_8' title="bbox 56 954 1142 1040; baseline 0.002 -21"><span class='ocrx_word' id='word_1_59' title='bbox 56 975 131 1020; x_wconf 89' lang='lat' dir='ltr'>uam</span> <span class='ocrx_word' id='word_1_60' title='bbox 152 961 190 1020; x_wconf 90' lang='lat' dir='ltr'>tu</span> <span class='ocrx_word' id='word_1_61' title='bbox 212 957 431 1039; x_wconf 86' lang='lat' dir='ltr'>cognovimus,</span> <span class='ocrx_word' id='word_1_62' title='bbox 453 956 550 1021; x_wconf 89' lang='lat' dir='ltr'>etiam</span> <span class='ocrx_word' id='word_1_63' title='bbox 573 955 755 1022; x_wconf 82' lang='lat' dir='ltr'>mehercule</span> <span class='ocrx_word' id='word_1_64' title='bbox 777 954 874 1040; x_wconf 91' lang='lat' dir='ltr'>quod,</span> <span class='ocrx_word' id='word_1_65' title='bbox 897 974 993 1039; x_wconf 88' lang='lat' dir='ltr'>quem</span> <span class='ocrx_word' id='word_1_66' title='bbox 1014 954 1057 1019; x_wconf 92' lang='lat' dir='ltr'>ad</span> <span class='ocrx_word' id='word_1_67' title='bbox 1074 976 1142 1021; x_wconf 92' lang='lat' dir='ltr'>mo-</span> 
     </span>
    </p>

    <p class='ocr_par' dir='ltr' id='par_1_7' title="bbox 55 1054 1143 1138">
     <span class='ocr_line' id='line_1_9' title="bbox 55 1054 1143 1138; baseline 0.003 -20"><span class='ocrx_word' id='word_1_68' title='bbox 55 1074 142 1118; x_wconf 81' lang='lat' dir='ltr'>ures</span> <span class='ocrx_word' id='word_1_69' title='bbox 164 1061 324 1137; x_wconf 79' lang='lat' dir='ltr'>ageretur,</span> <span class='ocrx_word' id='word_1_70' title='bbox 347 1054 504 1120; x_wconf 85' lang='lat' dir='ltr'>vidimus:</span> <span class='ocrx_word' id='word_1_71' title='bbox 528 1076 605 1121; x_wconf 88' lang='lat' dir='ltr'>nam</span> <span class='ocrx_word' id='word_1_72' title='bbox 626 1056 673 1121; x_wconf 90' lang='lat' dir='ltr'>sic</span> <span class='ocrx_word' id='word_1_73' title='bbox 694 1057 746 1121; x_wconf 86' lang='lat' dir='ltr'>fac</span> <span class='ocrx_word' id='word_1_74' title='bbox 776 1054 949 1135; x_wconf 80' lang='lat' dir='ltr'>existimes,</span> <span class='ocrx_word' id='word_1_75' title='bbox 979 1062 1054 1138; x_wconf 88' lang='lat' dir='ltr'>post</span> <span class='ocrx_word' id='word_1_76' title='bbox 1083 1055 1143 1121; x_wconf 90' lang='lat' dir='ltr'>has</span> 
     </span>
    </p>

    <p class='ocr_par' dir='ltr' id='par_1_8' title="bbox 55 1154 1143 1241">
     <span class='ocr_line' id='line_1_10' title="bbox 55 1154 1143 1241; baseline 0.003 -24"><span class='ocrx_word' id='word_1_77' title='bbox 55 1175 88 1233; x_wconf 80' lang='lat' dir='ltr'>ts,</span> <span class='ocrx_word' id='word_1_78' title='bbox 119 1155 152 1219; x_wconf 88' lang='lat' dir='ltr'>id</span> <span class='ocrx_word' id='word_1_79' title='bbox 174 1161 223 1221; x_wconf 91' lang='lat' dir='ltr'>est</span> <span class='ocrx_word' id='word_1_80' title='bbox 246 1162 421 1239; x_wconf 86' lang='lat' dir='ltr'>postquam</span> <span class='ocrx_word' id='word_1_81' title='bbox 444 1156 542 1221; x_wconf 90' lang='lat' dir='ltr'>armis</span> <span class='ocrx_word' id='word_1_82' title='bbox 563 1155 744 1239; x_wconf 82' lang='lat' dir='ltr'>disceptari</span> <span class='ocrx_word' id='word_1_83' title='bbox 773 1161 924 1241; x_wconf 88' lang='lat' dir='ltr'>coeptum</span> <span class='ocrx_word' id='word_1_84' title='bbox 945 1154 990 1221; x_wconf 94' lang='lat' dir='ltr'>sit</span> <span class='ocrx_word' id='word_1_85' title='bbox 1012 1154 1051 1222; x_wconf 94' lang='lat' dir='ltr'>de</span> <span class='ocrx_word' id='word_1_86' title='bbox 1072 1156 1143 1221; x_wconf 90' lang='lat' dir='ltr'>iure</span> 
     </span>
    </p>

    <p class='ocr_par' dir='ltr' id='par_1_9' title="bbox 55 1253 1141 1341">
     <span class='ocr_line' id='line_1_11' title="bbox 55 1253 1141 1341; baseline 0.007 -25"><span class='ocrx_word' id='word_1_87' title='bbox 55 1274 74 1332; x_wconf 74' lang='lat' dir='ltr'>s,</span> <span class='ocrx_word' id='word_1_88' title='bbox 96 1253 178 1318; x_wconf 86' lang='lat' dir='ltr'>nihil</span> <span class='ocrx_word' id='word_1_89' title='bbox 198 1275 268 1320; x_wconf 91' lang='lat' dir='ltr'>esse</span> <span class='ocrx_word' id='word_1_90' title='bbox 285 1261 393 1320; x_wconf 86' lang='lat' dir='ltr'>actum</span> <span class='ocrx_word' id='word_1_91' title='bbox 413 1255 503 1320; x_wconf 90' lang='lat' dir='ltr'>aliud</span> <span class='ocrx_word' id='word_1_92' title='bbox 521 1276 596 1322; x_wconf 90' lang='lat' dir='ltr'>oum</span> <span class='ocrx_word' id='word_1_93' title='bbox 618 1257 787 1341; x_wconf 81' lang='lat' dir='ltr'>dignitate.</span> <span class='ocrx_word' id='word_1_94' title='bbox 821 1256 906 1322; x_wconf 90' lang='lat' dir='ltr'>Nem</span> <span class='ocrx_word' id='word_1_95' title='bbox 927 1257 1044 1341; x_wconf 88' lang='lat' dir='ltr'>etipse</span> <span class='ocrx_word' id='word_1_96' title='bbox 1062 1257 1141 1323; x_wconf 82' lang='lat' dir='ltr'>Oee-</span> 
     </span>
    </p>

    <p class='ocr_par' dir='ltr' id='par_1_10' title="bbox 55 1355 1142 1442">
     <span class='ocr_line' id='line_1_12' title="bbox 55 1355 1142 1442; baseline 0.005 -24"><span class='ocrx_word' id='word_1_97' title='bbox 55 1360 162 1420; x_wconf 80' lang='lat' dir='ltr'>rusata</span> <span class='ocrx_word' id='word_1_98' title='bbox 183 1356 363 1422; x_wconf 80' lang='lat' dir='ltr'>acerbitate</span> <span class='ocrx_word' id='word_1_99' title='bbox 384 1355 593 1422; x_wconf 87' lang='lat' dir='ltr'>Marcelli-</span> <span class='ocrx_word' id='word_1_100' title='bbox 615 1359 660 1425; x_wconf 90' lang='lat' dir='ltr'>sic</span> <span class='ocrx_word' id='word_1_101' title='bbox 682 1359 766 1424; x_wconf 92' lang='lat' dir='ltr'>enim</span> <span class='ocrx_word' id='word_1_102' title='bbox 799 1357 1051 1442; x_wconf 87' lang='lat' dir='ltr'>appellabat-</span> <span class='ocrx_word' id='word_1_103' title='bbox 1072 1359 1142 1425; x_wconf 90' lang='lat' dir='ltr'>lau·</span> 
     </span>
    </p>

    <p class='ocr_par' dir='ltr' id='par_1_11' title="bbox 55 1456 1138 1543">
     <span class='ocr_line' id='line_1_13' title="bbox 55 1456 1138 1543; baseline 0.006 -24"><span class='ocrx_word' id='word_1_104' title='bbox 55 1477 77 1520; x_wconf 67' lang='lat' dir='ltr'>,e</span> <span class='ocrx_word' id='word_1_105' title='bbox 98 1456 417 1523; x_wconf 85' lang='lat' dir='ltr'>honorificentissime</span> <span class='ocrx_word' id='word_1_106' title='bbox 439 1463 472 1524; x_wconf 92' lang='lat' dir='ltr'>et</span> <span class='ocrx_word' id='word_1_107' title='bbox 494 1459 657 1543; x_wconf 83' lang='lat' dir='ltr'>aequitate</span> <span class='ocrx_word' id='word_1_108' title='bbox 678 1463 738 1524; x_wconf 86' lang='lat' dir='ltr'>tua</span> <span class='ocrx_word' id='word_1_109' title='bbox 758 1466 792 1525; x_wconf 91' lang='lat' dir='ltr'>et</span> <span class='ocrx_word' id='word_1_110' title='bbox 809 1458 985 1543; x_wconf 91' lang='lat' dir='ltr'>prudentia</span> <span class='ocrx_word' id='word_1_111' title='bbox 1005 1465 1138 1542; x_wconf 87' lang='lat' dir='ltr'>repente</span> 
     </span>
    </p>

    <p class='ocr_par' dir='ltr' id='par_1_12' title="bbox 55 1557 1136 1643">
     <span class='ocr_line' id='line_1_14' title="bbox 55 1557 1136 1643; baseline 0.003 -24"><span class='ocrx_word' id='word_1_112' title='bbox 55 1577 172 1640; x_wconf 49' lang='lat' dir='ltr'>&amp;spem</span> <span class='ocrx_word' id='word_1_113' title='bbox 193 1557 275 1622; x_wconf 87' lang='lat' dir='ltr'>dixit</span> <span class='ocrx_word' id='word_1_114' title='bbox 296 1578 330 1623; x_wconf 91' lang='lat' dir='ltr'>se</span> <span class='ocrx_word' id='word_1_115' title='bbox 351 1561 476 1624; x_wconf 86' lang='lat' dir='ltr'>senatui</span> <span class='ocrx_word' id='word_1_116' title='bbox 497 1560 626 1643; x_wconf 81' lang='lat' dir='ltr'>roganti</span> <span class='ocrx_word' id='word_1_117' title='bbox 647 1560 687 1626; x_wconf 91' lang='lat' dir='ltr'>de</span> <span class='ocrx_word' id='word_1_118' title='bbox 703 1559 856 1626; x_wconf 87' lang='lat' dir='ltr'>Marcello</span> <span class='ocrx_word' id='word_1_119' title='bbox 872 1580 913 1625; x_wconf 91' lang='lat' dir='ltr'>ne</span> <span class='ocrx_word' id='word_1_120' title='bbox 931 1559 1046 1625; x_wconf 92' lang='lat' dir='ltr'>ominis</span> <span class='ocrx_word' id='word_1_121' title='bbox 1064 1559 1136 1642; x_wconf 91' lang='lat' dir='ltr'>qui-</span> 
     </span>
    </p>

    <p class='ocr_par' dir='ltr' id='par_1_13' title="bbox 55 1659 1133 1740">
     <span class='ocr_line' id='line_1_15' title="bbox 55 1659 1133 1740; baseline 0.004 -20"><span class='ocrx_word' id='word_1_122' title='bbox 55 1678 126 1722; x_wconf 80' lang='lat' dir='ltr'>tusa</span> <span class='ocrx_word' id='word_1_123' title='bbox 146 1663 356 1740; x_wconf 66' lang='lat' dir='ltr'>negaturum</span> <span class='ocrx_word' id='word_1_124' title='bbox 379 1659 500 1724; x_wconf 85' lang='lat' dir='ltr'>fecerat</span> <span class='ocrx_word' id='word_1_125' title='bbox 522 1665 632 1724; x_wconf 90' lang='lat' dir='ltr'>autem</span> <span class='ocrx_word' id='word_1_126' title='bbox 653 1660 714 1724; x_wconf 92' lang='lat' dir='ltr'>hoc</span> <span class='ocrx_word' id='word_1_127' title='bbox 736 1665 878 1739; x_wconf 88' lang='lat' dir='ltr'>senatus,</span> <span class='ocrx_word' id='word_1_128' title='bbox 900 1665 948 1740; x_wconf 92' lang='lat' dir='ltr'>ut,</span> <span class='ocrx_word' id='word_1_129' title='bbox 971 1680 1043 1724; x_wconf 89' lang='lat' dir='ltr'>cum</span> <span class='ocrx_word' id='word_1_130' title='bbox 1066 1659 1133 1725; x_wconf 84' lang='lat' dir='ltr'>ah</span> 
     </span>
    </p>

    <p class='ocr_par' dir='ltr' id='par_1_14' title="bbox 70 1759 1201 1851">
     <span class='ocr_line' id='line_1_16' title="bbox 70 1759 1201 1851; baseline 0.004 -29"><span class='ocrx_word' id='word_1_131' title='bbox 70 1759 190 1824; x_wconf 84' lang='lat' dir='ltr'>mentio</span> <span class='ocrx_word' id='word_1_132' title='bbox 213 1767 296 1824; x_wconf 90' lang='lat' dir='ltr'>esset</span> <span class='ocrx_word' id='word_1_133' title='bbox 317 1759 406 1825; x_wconf 87' lang='lat' dir='ltr'>facta</span> <span class='ocrx_word' id='word_1_134' title='bbox 428 1759 468 1824; x_wconf 93' lang='lat' dir='ltr'>de</span> <span class='ocrx_word' id='word_1_135' title='bbox 485 1759 640 1826; x_wconf 90' lang='lat' dir='ltr'>Marcello</span> <span class='ocrx_word' id='word_1_136' title='bbox 658 1766 691 1826; x_wconf 90' lang='lat' dir='ltr'>ct</span> <span class='ocrx_word' id='word_1_137' title='bbox 709 1760 742 1828; x_wconf 85' lang='lat' dir='ltr'>G.</span> <span class='ocrx_word' id='word_1_138' title='bbox 761 1760 934 1826; x_wconf 85' lang='lat' dir='ltr'>Marcellus</span> <span class='ocrx_word' id='word_1_139' title='bbox 953 1781 985 1825; x_wconf 91' lang='lat' dir='ltr'>se</span> <span class='ocrx_word' id='word_1_140' title='bbox 1003 1760 1046 1827; x_wconf 91' lang='lat' dir='ltr'>ad</span> <span class='ocrx_word' id='word_1_141' title='bbox 1065 1761 1143 1827; x_wconf 83' lang='lat' dir='ltr'>Cae.</span> <span class='ocrx_word' id='word_1_142' title='bbox 1198 1844 1201 1851; x_wconf 33' lang='grc' dir='ltr'>Ι</span> 
     </span>
    </p>

    <p class='ocr_par' dir='ltr' id='par_1_15' title="bbox 55 1859 1144 1945">
     <span class='ocr_line' id='line_1_17' title="bbox 55 1859 1144 1945; baseline 0.004 -23"><span class='ocrx_word' id='word_1_143' title='bbox 55 1859 136 1924; x_wconf 74' lang='lat' dir='ltr'>»edes</span> <span class='ocrx_word' id='word_1_144' title='bbox 158 1859 333 1939; x_wconf 88' lang='lat' dir='ltr'>abiecisset,</span> <span class='ocrx_word' id='word_1_145' title='bbox 357 1867 491 1924; x_wconf 89' lang='lat' dir='ltr'>cunctus</span> <span class='ocrx_word' id='word_1_146' title='bbox 521 1867 730 1943; x_wconf 87' lang='lat' dir='ltr'>consurgeret</span> <span class='ocrx_word' id='word_1_147' title='bbox 757 1865 790 1925; x_wconf 92' lang='lat' dir='ltr'>et</span> <span class='ocrx_word' id='word_1_148' title='bbox 810 1860 852 1925; x_wconf 96' lang='lat' dir='ltr'>ad</span> <span class='ocrx_word' id='word_1_149' title='bbox 875 1859 1045 1926; x_wconf 86' lang='lat' dir='ltr'>Caesarem</span> <span class='ocrx_word' id='word_1_150' title='bbox 1068 1882 1144 1945; x_wconf 90' lang='lat' dir='ltr'>sup·</span> 
     </span>
    </p>

    <p class='ocr_par' dir='ltr' id='par_1_16' title="bbox 56 1958 1145 2045">
     <span class='ocr_line' id='line_1_18' title="bbox 56 1958 1145 2045; baseline 0.004 -21"><span class='ocrx_word' id='word_1_151' title='bbox 56 1960 209 2026; x_wconf 79' lang='lat' dir='ltr'>crederet.</span> <span class='ocrx_word' id='word_1_152' title='bbox 251 1958 327 2025; x_wconf 90' lang='lat' dir='ltr'>Noli</span> <span class='ocrx_word' id='word_1_153' title='bbox 348 1979 522 2043; x_wconf 90' lang='lat' dir='ltr'>quaerere:</span> <span class='ocrx_word' id='word_1_154' title='bbox 550 1961 597 2026; x_wconf 91' lang='lat' dir='ltr'>ita</span> <span class='ocrx_word' id='word_1_155' title='bbox 620 1960 699 2026; x_wconf 91' lang='lat' dir='ltr'>mihi</span> <span class='ocrx_word' id='word_1_156' title='bbox 720 1962 856 2045; x_wconf 87' lang='lat' dir='ltr'>pulcher</span> <span class='ocrx_word' id='word_1_157' title='bbox 886 1960 940 2026; x_wconf 91' lang='lat' dir='ltr'>hio</span> <span class='ocrx_word' id='word_1_158' title='bbox 969 1962 1036 2027; x_wconf 91' lang='lat' dir='ltr'>dies</span> <span class='ocrx_word' id='word_1_159' title='bbox 1058 1963 1145 2029; x_wconf 85' lang='lat' dir='ltr'>visus</span> 
     </span>
    </p>

    <p class='ocr_par' dir='ltr' id='par_1_17' title="bbox 55 2059 1186 2247">
     <span class='ocr_line' id='line_1_19' title="bbox 55 2059 1144 2146; baseline 0.005 -24"><span class='ocrx_word' id='word_1_160' title='bbox 55 2086 58 2122; x_wconf 64' lang='lat' dir='ltr'>t</span> <span class='ocrx_word' id='word_1_161' title='bbox 80 2060 216 2144; x_wconf 87' lang='lat' dir='ltr'>speciem</span> <span class='ocrx_word' id='word_1_162' title='bbox 239 2060 382 2143; x_wconf 84' lang='lat' dir='ltr'>aliquam</span> <span class='ocrx_word' id='word_1_163' title='bbox 404 2060 528 2126; x_wconf 82' lang='lat' dir='ltr'>viderer</span> <span class='ocrx_word' id='word_1_164' title='bbox 549 2059 657 2125; x_wconf 83' lang='lat' dir='ltr'>videre</span> <span class='ocrx_word' id='word_1_165' title='bbox 676 2060 770 2144; x_wconf 90' lang='lat' dir='ltr'>quasi</span> <span class='ocrx_word' id='word_1_166' title='bbox 787 2061 1003 2126; x_wconf 82' lang='lat' dir='ltr'>reviviscentis</span> <span class='ocrx_word' id='word_1_167' title='bbox 1020 2063 1068 2127; x_wconf 90' lang='lat' dir='ltr'>rei</span> <span class='ocrx_word' id='word_1_168' title='bbox 1085 2084 1144 2146; x_wconf 92' lang='lat' dir='ltr'>pu·</span> 
     </span>
     <span class='ocr_line' id='line_1_20' title="bbox 93 2160 1186 2247; baseline -0.003 -23"><span class='ocrx_word' id='word_1_169' title='bbox 93 2161 208 2245; x_wconf 85' lang='lat' dir='ltr'>ltaque</span> <span class='ocrx_word' id='word_1_170' title='bbox 228 2181 300 2225; x_wconf 91' lang='lat' dir='ltr'>cum</span> <span class='ocrx_word' id='word_1_171' title='bbox 322 2180 431 2226; x_wconf 92' lang='lat' dir='ltr'>omnes</span> <span class='ocrx_word' id='word_1_172' title='bbox 452 2167 528 2226; x_wconf 86' lang='lat' dir='ltr'>ante</span> <span class='ocrx_word' id='word_1_173' title='bbox 550 2182 601 2226; x_wconf 91' lang='lat' dir='ltr'>me</span> <span class='ocrx_word' id='word_1_174' title='bbox 629 2162 737 2245; x_wconf 84' lang='lat' dir='ltr'>rogati</span> <span class='ocrx_word' id='word_1_175' title='bbox 767 2161 890 2243; x_wconf 83' lang='lat' dir='ltr'>gratias</span> <span class='ocrx_word' id='word_1_176' title='bbox 913 2160 1043 2247; x_wconf 83' lang='lat' dir='ltr'>Caesari</span> <span class='ocrx_word' id='word_1_177' title='bbox 1063 2162 1144 2246; x_wconf 82' lang='lat' dir='ltr'>egis·</span> <span class='ocrx_word' id='word_1_178' title='bbox 1169 2171 1186 2221; x_wconf 88' lang='lat'>4</span> 
     </span>
    </p>
   </div>
   <div class='ocr_carea' id='block_1_3' title="bbox 55 2487 1150 4571">
    <p class='ocr_par' dir='ltr' id='par_1_18' title="bbox 55 2487 1147 3816">
     <span class='ocr_line' id='line_1_21' title="bbox 61 2487 1145 2558; baseline 0.002 -18"><span class='ocrx_word' id='word_1_179' title='bbox 61 2487 405 2557; x_wconf 77' lang='lat' dir='ltr'>-perculacetproctrctcl</span> <span class='ocrx_word' id='word_1_180' title='bbox 416 2489 518 2544; x_wconf 87' lang='lat' dir='ltr'>ebenso</span> <span class='ocrx_word' id='word_1_181' title='bbox 560 2488 615 2558; x_wconf 84' lang='lat' dir='ltr'>tuo]</span> <span class='ocrx_word' id='word_1_182' title='bbox 633 2490 703 2544; x_wconf 85' lang='lat' dir='ltr'>eben</span> <span class='ocrx_word' id='word_1_183' title='bbox 721 2490 761 2544; x_wconf 80' lang='lat' dir='ltr'>als</span> <span class='ocrx_word' id='word_1_184' title='bbox 780 2489 886 2543; x_wconf 86' lang='lat' dir='ltr'>Konsul</span> <span class='ocrx_word' id='word_1_185' title='bbox 904 2490 944 2542; x_wconf 91' lang='lat' dir='ltr'>im</span> <span class='ocrx_word' id='word_1_186' title='bbox 961 2489 988 2544; x_wconf 88' lang='lat' dir='ltr'>J.</span> <span class='ocrx_word' id='word_1_187' title='bbox 1006 2491 1055 2543; x_wconf 78' lang='lat'>51:</span> <span class='ocrx_word' id='word_1_188' title='bbox 1071 2488 1145 2552; x_wconf 75' lang='lat' dir='ltr'>Einl,</span> 
     </span>
     <span class='ocr_line' id='line_1_22' title="bbox 55 2570 1145 2642; baseline 0.001 -19"><span class='ocrx_word' id='word_1_189' title='bbox 55 2573 242 2639; x_wconf 78' lang='lat' dir='ltr'>·c.23.-1›rac</span> <span class='ocrx_word' id='word_1_190' title='bbox 250 2571 329 2640; x_wconf 80' lang='lat' dir='ltr'>achis]</span> <span class='ocrx_word' id='word_1_191' title='bbox 341 2572 517 2642; x_wconf 84' lang='lat' dir='ltr'>inVergleich</span> <span class='ocrx_word' id='word_1_192' title='bbox 559 2592 593 2626; x_wconf 84' lang='lat' dir='ltr'>zu</span> <span class='ocrx_word' id='word_1_193' title='bbox 610 2590 653 2642; x_wconf 89' lang='lat' dir='ltr'>ep.</span> <span class='ocrx_word' id='word_1_194' title='bbox 670 2575 713 2627; x_wconf 86' lang='grc'>80.</span> <span class='ocrx_word' id='word_1_195' title='bbox 730 2602 764 2611; x_wconf 98' lang='grc'>-</span> <span class='ocrx_word' id='word_1_196' title='bbox 780 2591 813 2626; x_wconf 82' lang='lat' dir='ltr'>ae</span> <span class='ocrx_word' id='word_1_197' title='bbox 830 2575 922 2625; x_wconf 75' lang='lat' dir='ltr'>ominis</span> <span class='ocrx_word' id='word_1_198' title='bbox 938 2575 1042 2641; x_wconf 79' lang='lat' dir='ltr'>quidem</span> <span class='ocrx_word' id='word_1_199' title='bbox 1056 2570 1145 2640; x_wconf 76' lang='lat' dir='ltr'>cauca]</span> 
     </span>
     <span class='ocr_line' id='line_1_23' title="bbox 55 2653 1144 2726; baseline 0.002 -20"><span class='ocrx_word' id='word_1_200' title='bbox 55 2653 110 2717; x_wconf 87' lang='lat' dir='ltr'>(die</span> <span class='ocrx_word' id='word_1_201' title='bbox 128 2656 179 2708; x_wconf 84' lang='lat' dir='ltr'>wir</span> <span class='ocrx_word' id='word_1_202' title='bbox 204 2673 233 2710; x_wconf 91' lang='lat' dir='ltr'>es</span> <span class='ocrx_word' id='word_1_203' title='bbox 259 2673 310 2726; x_wconf 83' lang='lat' dir='ltr'>gar</span> <span class='ocrx_word' id='word_1_204' title='bbox 337 2657 416 2710; x_wconf 87' lang='lat' dir='ltr'>nicht</span> <span class='ocrx_word' id='word_1_205' title='bbox 434 2656 517 2724; x_wconf 88' lang='lat' dir='ltr'>sind).</span> <span class='ocrx_word' id='word_1_206' title='bbox 558 2675 640 2711; x_wconf 86' lang='lat' dir='ltr'>wenn</span> <span class='ocrx_word' id='word_1_207' title='bbox 649 2657 752 2726; x_wconf 86' lang='lat' dir='ltr'>gerade</span> <span class='ocrx_word' id='word_1_208' title='bbox 763 2657 813 2711; x_wconf 89' lang='lat' dir='ltr'>der</span> <span class='ocrx_word' id='word_1_209' title='bbox 822 2657 916 2723; x_wconf 76' lang='lat' dir='ltr'>Erote,</span> <span class='ocrx_word' id='word_1_210' title='bbox 932 2657 982 2710; x_wconf 93' lang='lat' dir='ltr'>der</span> <span class='ocrx_word' id='word_1_211' title='bbox 990 2657 1040 2710; x_wconf 81' lang='lat' dir='ltr'>aul</span> <span class='ocrx_word' id='word_1_212' title='bbox 1047 2656 1144 2709; x_wconf 88' lang='lat' dir='ltr'>Bitten</span> 
     </span>
     <span class='ocr_line' id='line_1_24' title="bbox 55 2740 1144 2810; baseline 0.003 -21"><span class='ocrx_word' id='word_1_213' title='bbox 55 2740 110 2804; x_wconf 70' lang='lat' dir='ltr'>icc,</span> <span class='ocrx_word' id='word_1_214' title='bbox 127 2758 194 2806; x_wconf 82' lang='lat' dir='ltr'>quoe</span> <span class='ocrx_word' id='word_1_215' title='bbox 211 2742 324 2793; x_wconf 71' lang='lat' dir='ltr'>duilibur</span> <span class='ocrx_word' id='word_1_216' title='bbox 339 2743 410 2794; x_wconf 79' lang='lat' dir='ltr'>bellis</span> <span class='ocrx_word' id='word_1_217' title='bbox 419 2758 518 2808; x_wconf 78' lang='lat' dir='ltr'>semper</span> <span class='ocrx_word' id='word_1_218' title='bbox 559 2741 607 2794; x_wconf 92' lang='lat' dir='ltr'>des</span> <span class='ocrx_word' id='word_1_219' title='bbox 632 2740 730 2794; x_wconf 78' lang='lat' dir='ltr'>Senatu</span> <span class='ocrx_word' id='word_1_220' title='bbox 757 2740 910 2810; x_wconf 81' lang='lat' dir='ltr'>begnedigt</span> <span class='ocrx_word' id='word_1_221' title='bbox 938 2740 1017 2807; x_wconf 85' lang='lat' dir='ltr'>wird,</span> <span class='ocrx_word' id='word_1_222' title='bbox 1042 2740 1089 2793; x_wconf 88' lang='lat' dir='ltr'>ein</span> <span class='ocrx_word' id='word_1_223' title='bbox 1114 2756 1144 2793; x_wconf 92' lang='lat' dir='ltr'>so</span> 
     </span>
     <span class='ocr_line' id='line_1_25' title="bbox 55 2821 1145 2891; baseline 0.003 -19"><span class='ocrx_word' id='word_1_224' title='bbox 55 2821 123 2891; x_wconf 76' lang='lat' dir='ltr'>dem]</span> <span class='ocrx_word' id='word_1_225' title='bbox 159 2823 234 2878; x_wconf 87' lang='lat' dir='ltr'>diese</span> <span class='ocrx_word' id='word_1_226' title='bbox 261 2821 356 2879; x_wconf 86' lang='lat' dir='ltr'>Worte</span> <span class='ocrx_word' id='word_1_227' title='bbox 387 2825 517 2878; x_wconf 76' lang='lat' dir='ltr'>erkliiren</span> <span class='ocrx_word' id='word_1_228' title='bbox 559 2824 679 2879; x_wconf 83' lang='lat' dir='ltr'>bitterer</span> <span class='ocrx_word' id='word_1_229' title='bbox 700 2823 790 2878; x_wconf 85' lang='lat' dir='ltr'>Feind</span> <span class='ocrx_word' id='word_1_230' title='bbox 807 2824 904 2877; x_wconf 74' lang='lat' dir='ltr'>Cisars</span> <span class='ocrx_word' id='word_1_231' title='bbox 932 2825 978 2876; x_wconf 89' lang='lat' dir='ltr'>ist.</span> <span class='ocrx_word' id='word_1_232' title='bbox 997 2850 1028 2861; x_wconf 90' lang='lat'>-·</span> <span class='ocrx_word' id='word_1_233' title='bbox 1041 2825 1145 2889; x_wconf 80' lang='lat' dir='ltr'>fecerat</span> 
     </span>
     <span class='ocr_line' id='line_1_26' title="bbox 74 2905 1145 2975; baseline 0 -17"><span class='ocrx_word' id='word_1_234' title='bbox 74 2905 172 2960; x_wconf 85' lang='lat' dir='ltr'>beaten</span> <span class='ocrx_word' id='word_1_235' title='bbox 190 2924 239 2960; x_wconf 89' lang='lat' dir='ltr'>aus</span> <span class='ocrx_word' id='word_1_236' title='bbox 258 2924 301 2975; x_wconf 89' lang='lat' dir='ltr'>ep.</span> <span class='ocrx_word' id='word_1_237' title='bbox 320 2910 376 2973; x_wconf 90' lang='grc'>101,</span> <span class='ocrx_word' id='word_1_238' title='bbox 394 2909 418 2961; x_wconf 87' lang='grc'>3.</span> <span class='ocrx_word' id='word_1_239' title='bbox 619 2911 672 2973; x_wconf 83' lang='lat' dir='ltr'>hoc,</span> <span class='ocrx_word' id='word_1_240' title='bbox 689 2916 716 2960; x_wconf 77' lang='lat' dir='ltr'>ut</span> <span class='ocrx_word' id='word_1_241' title='bbox 794 2905 965 2975; x_wconf 62' lang='lat' dir='ltr'>consumeret]</span> <span class='ocrx_word' id='word_1_242' title='bbox 983 2905 1145 2975; x_wconf 73' lang='lat' dir='ltr'>Erkla&#39;rung</span> 
     </span>
     <span class='ocr_line' id='line_1_27' title="bbox 55 2978 1145 3059; baseline 0.001 -18"><span class='ocrx_word' id='word_1_243' title='bbox 55 2991 92 3041; x_wconf 79' lang='lat' dir='ltr'>oie</span> <span class='ocrx_word' id='word_1_244' title='bbox 109 2992 249 3058; x_wconf 78' lang='lat' dir='ltr'>disceptari</span> <span class='ocrx_word' id='word_1_245' title='bbox 263 2993 346 3045; x_wconf 80' lang='lat' dir='ltr'>...de</span> <span class='ocrx_word' id='word_1_246' title='bbox 361 2993 419 3045; x_wconf 82' lang='lat' dir='ltr'>iore</span> <span class='ocrx_word' id='word_1_247' title='bbox 433 2993 518 3058; x_wconf 78' lang='lat' dir='ltr'>publi-</span> <span class='ocrx_word' id='word_1_248' title='bbox 561 3009 615 3046; x_wconf 84' lang='lat' dir='ltr'>von</span> <span class='ocrx_word' id='word_1_249' title='bbox 632 2995 734 3045; x_wconf 72' lang='lat' dir='ltr'>sanctas·</span> <span class='ocrx_word' id='word_1_250' title='bbox 756 2993 866 3059; x_wconf 73' lang='lat' dir='ltr'>roqurus&#39;.</span> <span class='ocrx_word' id='word_1_251' title='bbox 900 2978 975 3045; x_wconf 75' lang='lat' dir='ltr'>liber</span> <span class='ocrx_word' id='word_1_252' title='bbox 1001 2991 1046 3043; x_wconf 92' lang='lat' dir='ltr'>die</span> <span class='ocrx_word' id='word_1_253' title='bbox 1063 2989 1145 3043; x_wconf 90' lang='lat' dir='ltr'>nach·</span> 
     </span>
     <span class='ocr_line' id='line_1_28' title="bbox 55 3073 1144 3143; baseline 0.001 -19"><span class='ocrx_word' id='word_1_254' title='bbox 55 3092 69 3124; x_wconf 89' lang='lat' dir='ltr'><strong>z</strong></span> <span class='ocrx_word' id='word_1_255' title='bbox 93 3074 146 3128; x_wconf 85' lang='lat' dir='ltr'>wie</span> <span class='ocrx_word' id='word_1_256' title='bbox 164 3091 208 3142; x_wconf 90' lang='lat' dir='ltr'>ep.</span> <span class='ocrx_word' id='word_1_257' title='bbox 234 3076 275 3140; x_wconf 84' lang='lat'>94,</span> <span class='ocrx_word' id='word_1_258' title='bbox 292 3077 325 3140; x_wconf 84' lang='lat'>2;</span> <span class='ocrx_word' id='word_1_259' title='bbox 351 3075 400 3128; x_wconf 89' lang='lat' dir='ltr'>der</span> <span class='ocrx_word' id='word_1_260' title='bbox 416 3074 519 3127; x_wconf 83' lang='lat' dir='ltr'>Zusatz</span> <span class='ocrx_word' id='word_1_261' title='bbox 561 3075 735 3130; x_wconf 82' lang='lat' dir='ltr'>druchsvolle</span> <span class='ocrx_word' id='word_1_262' title='bbox 759 3074 984 3143; x_wconf 78' lang='lat' dir='ltr'>Umschreibuug</span> <span class='ocrx_word' id='word_1_263' title='bbox 1000 3073 1060 3127; x_wconf 77' lang='lat' dir='ltr'>fiir:</span> <span class='ocrx_word' id='word_1_264' title='bbox 1083 3074 1144 3126; x_wconf 81' lang='lat' dir='ltr'>Ooo-</span> 
     </span>
     <span class='ocr_line' id='line_1_29' title="bbox 73 3157 1145 3224; baseline -0.001 -13"><span class='ocrx_word' id='word_1_265' title='bbox 73 3158 127 3211; x_wconf 92' lang='lat' dir='ltr'>den</span> <span class='ocrx_word' id='word_1_266' title='bbox 144 3158 189 3211; x_wconf 93' lang='lat' dir='ltr'>die</span> <span class='ocrx_word' id='word_1_267' title='bbox 211 3158 273 3212; x_wconf 86' lang='lat' dir='ltr'>eine</span> <span class='ocrx_word' id='word_1_268' title='bbox 290 3158 520 3212; x_wconf 88' lang='lat' dir='ltr'>Handschriften·</span> <span class='ocrx_word' id='word_1_269' title='bbox 560 3169 711 3214; x_wconf 75' lang='lat' dir='ltr'>carrecerct</span> <span class='ocrx_word' id='word_1_270' title='bbox 727 3169 812 3212; x_wconf 78' lang='lat' dir='ltr'>cutem</span> <span class='ocrx_word' id='word_1_271' title='bbox 830 3169 932 3212; x_wconf 74' lang='lat' dir='ltr'>scamus</span> <span class='ocrx_word' id='word_1_272' title='bbox 949 3176 983 3211; x_wconf 85' lang='lat' dir='ltr'>zu</span> <span class='ocrx_word' id='word_1_273' title='bbox 1001 3157 1145 3224; x_wconf 82' lang='lat' dir='ltr'>ep.115,1.</span> 
     </span>
     <span class='ocr_line' id='line_1_30' title="bbox 55 3239 1146 3310; baseline 0 -17"><span class='ocrx_word' id='word_1_274' title='bbox 55 3259 85 3293; x_wconf 82' lang='lat' dir='ltr'>zu</span> <span class='ocrx_word' id='word_1_275' title='bbox 102 3244 185 3295; x_wconf 81' lang='lat' dir='ltr'>armis</span> <span class='ocrx_word' id='word_1_276' title='bbox 210 3243 268 3309; x_wconf 85' lang='lat' dir='ltr'>hot,</span> <span class='ocrx_word' id='word_1_277' title='bbox 295 3243 436 3296; x_wconf 79' lang='lat' dir='ltr'>schwiicht</span> <span class='ocrx_word' id='word_1_278' title='bbox 466 3243 520 3296; x_wconf 90' lang='lat' dir='ltr'>den</span> <span class='ocrx_word' id='word_1_279' title='bbox 561 3272 595 3283; x_wconf 90' lang='lat'><em>-</em></span> <span class='ocrx_word' id='word_1_280' title='bbox 611 3263 629 3297; x_wconf 86' lang='lat' dir='ltr'>a</span> <span class='ocrx_word' id='word_1_281' title='bbox 646 3245 679 3296; x_wconf 83' lang='lat' dir='ltr'>L.</span> <span class='ocrx_word' id='word_1_282' title='bbox 697 3239 799 3310; x_wconf 80' lang='lat' dir='ltr'>Picooc]</span> <span class='ocrx_word' id='word_1_283' title='bbox 826 3241 923 3295; x_wconf 84' lang='lat' dir='ltr'>dcasen</span> <span class='ocrx_word' id='word_1_284' title='bbox 940 3240 1060 3295; x_wconf 88' lang='lat' dir='ltr'>Tochter</span> <span class='ocrx_word' id='word_1_285' title='bbox 1086 3240 1146 3295; x_wconf 84' lang='lat' dir='ltr'>Cal·</span> 
     </span>
     <span class='ocr_line' id='line_1_31' title="bbox 55 3323 1146 3396; baseline 0 -18"><span class='ocrx_word' id='word_1_286' title='bbox 55 3330 104 3378; x_wconf 71' lang='lat' dir='ltr'>tta:</span> <span class='ocrx_word' id='word_1_287' title='bbox 123 3326 169 3379; x_wconf 91' lang='lat' dir='ltr'>die</span> <span class='ocrx_word' id='word_1_288' title='bbox 177 3345 264 3392; x_wconf 84' lang='lat' dir='ltr'>armo,</span> <span class='ocrx_word' id='word_1_289' title='bbox 274 3326 327 3379; x_wconf 91' lang='lat' dir='ltr'>mit</span> <span class='ocrx_word' id='word_1_290' title='bbox 336 3326 427 3380; x_wconf 90' lang='lat' dir='ltr'>denen</span> <span class='ocrx_word' id='word_1_291' title='bbox 438 3325 520 3395; x_wconf 81' lang='lat' dir='ltr'>(ganz</span> <span class='ocrx_word' id='word_1_292' title='bbox 562 3326 757 3396; x_wconf 83' lang='lat' dir='ltr'>purniaGiisar</span> <span class='ocrx_word' id='word_1_293' title='bbox 774 3324 905 3379; x_wconf 83' lang='lat' dir='ltr'>zurFrau</span> <span class='ocrx_word' id='word_1_294' title='bbox 921 3324 1010 3378; x_wconf 88' lang='lat' dir='ltr'>hatte.</span> <span class='ocrx_word' id='word_1_295' title='bbox 1035 3323 1146 3378; x_wconf 85' lang='lat' dir='ltr'>Dasser</span> 
     </span>
     <span class='ocr_line' id='line_1_32' title="bbox 55 3408 1146 3477; baseline 0.001 -18"><span class='ocrx_word' id='word_1_296' title='bbox 55 3409 149 3463; x_wconf 85' lang='lat' dir='ltr'>licher</span> <span class='ocrx_word' id='word_1_297' title='bbox 166 3408 269 3476; x_wconf 83' lang='lat' dir='ltr'>Weiss)</span> <span class='ocrx_word' id='word_1_298' title='bbox 295 3411 328 3463; x_wconf 81' lang='lat' dir='ltr'>dc</span> <span class='ocrx_word' id='word_1_299' title='bbox 344 3412 403 3463; x_wconf 80' lang='lat' dir='ltr'>iure</span> <span class='ocrx_word' id='word_1_300' title='bbox 416 3412 520 3477; x_wconf 78' lang='lat' dir='ltr'>publico</span> <span class='ocrx_word' id='word_1_301' title='bbox 562 3429 617 3466; x_wconf 88' lang='lat' dir='ltr'>von</span> <span class='ocrx_word' id='word_1_302' title='bbox 634 3411 698 3464; x_wconf 91' lang='lat' dir='ltr'>dem</span> <span class='ocrx_word' id='word_1_303' title='bbox 716 3410 848 3464; x_wconf 82' lang='lat' dir='ltr'>Diktator</span> <span class='ocrx_word' id='word_1_304' title='bbox 873 3408 1028 3477; x_wconf 82' lang='lat' dir='ltr'>inegeheim</span> <span class='ocrx_word' id='word_1_305' title='bbox 1054 3408 1146 3461; x_wconf 86' lang='lat' dir='ltr'>beauf-</span> 
     </span>
     <span class='ocr_line' id='line_1_33' title="bbox 55 3491 1145 3564; baseline -0.002 -19"><span class='ocrx_word' id='word_1_306' title='bbox 55 3493 116 3546; x_wconf 74' lang='lat' dir='ltr'>tdcn</span> <span class='ocrx_word' id='word_1_307' title='bbox 133 3493 211 3559; x_wconf 88' lang='lat' dir='ltr'>wird,</span> <span class='ocrx_word' id='word_1_308' title='bbox 237 3492 348 3548; x_wconf 81' lang='lat' dir='ltr'>kdnnen</span> <span class='ocrx_word' id='word_1_309' title='bbox 375 3493 445 3546; x_wconf 89' lang='lat' dir='ltr'>eben</span> <span class='ocrx_word' id='word_1_310' title='bbox 463 3493 522 3547; x_wconf 91' lang='lat' dir='ltr'>des·</span> <span class='ocrx_word' id='word_1_311' title='bbox 562 3500 641 3564; x_wconf 81' lang='lat' dir='ltr'>tragt</span> <span class='ocrx_word' id='word_1_312' title='bbox 659 3511 725 3562; x_wconf 86' lang='lat' dir='ltr'>war,</span> <span class='ocrx_word' id='word_1_313' title='bbox 742 3493 801 3547; x_wconf 91' lang='lat' dir='ltr'>sich</span> <span class='ocrx_word' id='word_1_314' title='bbox 818 3493 857 3546; x_wconf 91' lang='lat' dir='ltr'>im</span> <span class='ocrx_word' id='word_1_315' title='bbox 874 3491 960 3546; x_wconf 85' lang='lat' dir='ltr'>Sonat</span> <span class='ocrx_word' id='word_1_316' title='bbox 976 3491 1145 3545; x_wconf 80' lang='lat' dir='ltr'>fdrMarcel-</span> 
     </span>
     <span class='ocr_line' id='line_1_34' title="bbox 55 3575 1146 3646; baseline -0.002 -17"><span class='ocrx_word' id='word_1_317' title='bbox 55 3578 89 3630; x_wconf 88' lang='lat' dir='ltr'>eil</span> <span class='ocrx_word' id='word_1_318' title='bbox 108 3577 165 3631; x_wconf 91' lang='lat' dir='ltr'>dies</span> <span class='ocrx_word' id='word_1_319' title='bbox 183 3578 335 3646; x_wconf 79' lang='lat' dir='ltr'>geschicht,</span> <span class='ocrx_word' id='word_1_320' title='bbox 359 3594 413 3631; x_wconf 91' lang='lat' dir='ltr'>nur</span> <span class='ocrx_word' id='word_1_321' title='bbox 433 3579 521 3631; x_wconf 81' lang='lat' dir='ltr'>ciuilia</span> <span class='ocrx_word' id='word_1_322' title='bbox 562 3580 605 3632; x_wconf 90' lang='lat' dir='ltr'>lus</span> <span class='ocrx_word' id='word_1_323' title='bbox 631 3596 664 3632; x_wconf 86' lang='lat' dir='ltr'>zu</span> <span class='ocrx_word' id='word_1_324' title='bbox 687 3577 862 3643; x_wconf 85' lang='lat' dir='ltr'>verwenden,</span> <span class='ocrx_word' id='word_1_325' title='bbox 888 3577 957 3629; x_wconf 73' lang='lat' dir='ltr'>lisst</span> <span class='ocrx_word' id='word_1_326' title='bbox 983 3575 1041 3630; x_wconf 87' lang='lat' dir='ltr'>sich</span> <span class='ocrx_word' id='word_1_327' title='bbox 1069 3575 1146 3629; x_wconf 89' lang='lat' dir='ltr'>nicht</span> 
     </span>
     <span class='ocr_line' id='line_1_35' title="bbox 55 3658 1147 3729; baseline -0.001 -16"><span class='ocrx_word' id='word_1_328' title='bbox 55 3661 116 3714; x_wconf 78' lang='lat' dir='ltr'>ther</span> <span class='ocrx_word' id='word_1_329' title='bbox 134 3662 173 3714; x_wconf 87' lang='lat' dir='ltr'>ist</span> <span class='ocrx_word' id='word_1_330' title='bbox 189 3661 312 3728; x_wconf 85' lang='lat' dir='ltr'>dasAdj.</span> <span class='ocrx_word' id='word_1_331' title='bbox 331 3661 391 3715; x_wconf 89' lang='lat' dir='ltr'>hier</span> <span class='ocrx_word' id='word_1_332' title='bbox 408 3660 459 3714; x_wconf 86' lang='lat' dir='ltr'>wie</span> <span class='ocrx_word' id='word_1_333' title='bbox 476 3677 519 3729; x_wconf 90' lang='lat' dir='ltr'>ep.</span> <span class='ocrx_word' id='word_1_334' title='bbox 562 3663 702 3717; x_wconf 86' lang='lat' dir='ltr'>erweisen.</span> <span class='ocrx_word' id='word_1_335' title='bbox 728 3690 760 3701; x_wconf 82' lang='lat'>·-</span> <span class='ocrx_word' id='word_1_336' title='bbox 790 3663 853 3714; x_wconf 82' lang='lat' dir='ltr'>Noli</span> <span class='ocrx_word' id='word_1_337' title='bbox 878 3658 1011 3728; x_wconf 81' lang='lat' dir='ltr'>quaerere]</span> <span class='ocrx_word' id='word_1_338' title='bbox 1034 3679 1067 3702; x_wconf 91' lang='lat'>=</span> <span class='ocrx_word' id='word_1_339' title='bbox 1083 3661 1147 3727; x_wconf 80' lang='lat' dir='ltr'>quid</span> 
     </span>
     <span class='ocr_line' id='line_1_36' title="bbox 55 3745 854 3816; baseline 0 -18"><span class='ocrx_word' id='word_1_340' title='bbox 55 3745 170 3815; x_wconf 82' lang='lat' dir='ltr'>fliissig;</span> <span class='ocrx_word' id='word_1_341' title='bbox 196 3763 259 3799; x_wconf 86' lang='lat' dir='ltr'>zum</span> <span class='ocrx_word' id='word_1_342' title='bbox 285 3746 438 3799; x_wconf 84' lang='lat' dir='ltr'>Gedanhen</span> <span class='ocrx_word' id='word_1_343' title='bbox 464 3746 520 3816; x_wconf 79' lang='lat' dir='ltr'>vgl.</span> <span class='ocrx_word' id='word_1_344' title='bbox 562 3747 687 3814; x_wconf 69' lang='lat' dir='ltr'>quaeris?</span> <span class='ocrx_word' id='word_1_345' title='bbox 703 3764 735 3799; x_wconf 80' lang='lat' dir='ltr'>ac</span> <span class='ocrx_word' id='word_1_346' title='bbox 751 3747 854 3798; x_wconf 81' lang='lat' dir='ltr'>multo!</span> 
     </span>
    </p>

    <p class='ocr_par' dir='ltr' id='par_1_19' title="bbox 55 3825 1150 4571">
     <span class='ocr_line' id='line_1_37' title="bbox 55 3825 1146 3898; baseline -0.005 -14"><span class='ocrx_word' id='word_1_347' title='bbox 55 3835 65 3896; x_wconf 83' lang='lat'>&#39;‚</span> <span class='ocrx_word' id='word_1_348' title='bbox 91 3833 115 3884; x_wconf 82' lang='lat'>5.</span> <span class='ocrx_word' id='word_1_349' title='bbox 143 3857 177 3868; x_wconf 96' lang='lat'>-</span> <span class='ocrx_word' id='word_1_350' title='bbox 202 3850 265 3884; x_wconf 80' lang='lat' dir='ltr'>uum</span> <span class='ocrx_word' id='word_1_351' title='bbox 290 3841 314 3884; x_wconf 85' lang='lat' dir='ltr'>et</span> <span class='ocrx_word' id='word_1_352' title='bbox 342 3833 397 3898; x_wconf 78' lang='lat' dir='ltr'>ipse</span> <span class='ocrx_word' id='word_1_353' title='bbox 415 3827 520 3897; x_wconf 73' lang='lat' dir='ltr'>Cacsar]</span> <span class='ocrx_word' id='word_1_354' title='bbox 596 3832 621 3884; x_wconf 87' lang='lat'>4.</span> <span class='ocrx_word' id='word_1_355' title='bbox 638 3848 724 3883; x_wconf 79' lang='lat' dir='ltr'>omncs</span> <span class='ocrx_word' id='word_1_356' title='bbox 741 3840 802 3884; x_wconf 82' lang='lat' dir='ltr'>unte</span> <span class='ocrx_word' id='word_1_357' title='bbox 818 3844 856 3882; x_wconf 85' lang='lat' dir='ltr'>me</span> <span class='ocrx_word' id='word_1_358' title='bbox 873 3826 964 3897; x_wconf 68' lang='lat' dir='ltr'>coycti]</span> <span class='ocrx_word' id='word_1_359' title='bbox 983 3825 1054 3880; x_wconf 84' lang='lat' dir='ltr'>Gell.</span> <span class='ocrx_word' id='word_1_360' title='bbox 1069 3825 1146 3879; x_wconf 70' lang='lat' dir='ltr'>MA.</span> 
     </span>
     <span class='ocr_line' id='line_1_38' title="bbox 55 3908 1146 3982; baseline -0.005 -15"><span class='ocrx_word' id='word_1_361' title='bbox 55 3919 154 3968; x_wconf 87' lang='lat' dir='ltr'>wartet</span> <span class='ocrx_word' id='word_1_362' title='bbox 171 3915 216 3969; x_wconf 92' lang='lat' dir='ltr'>ein</span> <span class='ocrx_word' id='word_1_363' title='bbox 226 3915 336 3969; x_wconf 84' lang='lat' dir='ltr'>zweites</span> <span class='ocrx_word' id='word_1_364' title='bbox 353 3925 394 3968; x_wconf 82' lang='lat' dir='ltr'>ct:</span> <span class='ocrx_word' id='word_1_365' title='bbox 412 3931 440 3968; x_wconf 89' lang='lat' dir='ltr'>es</span> <span class='ocrx_word' id='word_1_366' title='bbox 450 3913 522 3982; x_wconf 81' lang='lat' dir='ltr'>folgt</span> <span class='ocrx_word' id='word_1_367' title='bbox 562 3913 637 3981; x_wconf 88' lang='lat' dir='ltr'>XIV,</span> <span class='ocrx_word' id='word_1_368' title='bbox 654 3918 678 3981; x_wconf 83' lang='lat'>7,</span> <span class='ocrx_word' id='word_1_369' title='bbox 695 3917 727 3968; x_wconf 79' lang='lat'>9:</span> <span class='ocrx_word' id='word_1_370' title='bbox 744 3925 849 3968; x_wconf 73' lang='lat' dir='ltr'>scamus</span> <span class='ocrx_word' id='word_1_371' title='bbox 862 3914 1053 3967; x_wconf 73' lang='lat' dir='ltr'>...comiaco</span> <span class='ocrx_word' id='word_1_372' title='bbox 1071 3908 1146 3978; x_wconf 84' lang='lat' dir='ltr'>(sagt</span> 
     </span>
     <span class='ocr_line' id='line_1_39' title="bbox 55 3996 1146 4066; baseline -0.004 -16"><span class='ocrx_word' id='word_1_373' title='bbox 55 4008 119 4051; x_wconf 82' lang='lat' dir='ltr'>:crat</span> <span class='ocrx_word' id='word_1_374' title='bbox 136 4008 223 4050; x_wconf 80' lang='lat' dir='ltr'>outcm</span> <span class='ocrx_word' id='word_1_375' title='bbox 240 4000 284 4050; x_wconf 83' lang='lat' dir='ltr'>hoc</span> <span class='ocrx_word' id='word_1_376' title='bbox 301 4006 404 4050; x_wconf 72' lang='lat' dir='ltr'>mutus</span> <span class='ocrx_word' id='word_1_377' title='bbox 425 4014 459 4049; x_wconf 84' lang='lat' dir='ltr'>zu</span> <span class='ocrx_word' id='word_1_378' title='bbox 477 4011 521 4063; x_wconf 87' lang='lat' dir='ltr'>ep.</span> <span class='ocrx_word' id='word_1_379' title='bbox 564 3996 661 4065; x_wconf 86' lang='lat' dir='ltr'>Varro)</span> <span class='ocrx_word' id='word_1_380' title='bbox 674 4000 737 4066; x_wconf 75' lang='lat' dir='ltr'>ficri</span> <span class='ocrx_word' id='word_1_381' title='bbox 752 3998 952 4051; x_wconf 78' lang='lat' dir='ltr'>duohuarwds&#39;c:</span> <span class='ocrx_word' id='word_1_382' title='bbox 968 4005 1015 4047; x_wconf 82' lang='lat' dir='ltr'>cat</span> <span class='ocrx_word' id='word_1_383' title='bbox 1028 4014 1078 4063; x_wconf 77' lang='lat' dir='ltr'>per</span> <span class='ocrx_word' id='word_1_384' title='bbox 1093 3996 1146 4048; x_wconf 83' lang='lat' dir='ltr'>die·</span> 
     </span>
     <span class='ocr_line' id='line_1_40' title="bbox 55 4079 1146 4149; baseline -0.004 -14"><span class='ocrx_word' id='word_1_385' title='bbox 55 4086 139 4149; x_wconf 72' lang='lat' dir='ltr'>ripae</span> <span class='ocrx_word' id='word_1_386' title='bbox 156 4103 189 4126; x_wconf 93' lang='lat'>=</span> <span class='ocrx_word' id='word_1_387' title='bbox 207 4080 294 4135; x_wconf 89' lang='lat' dir='ltr'>‘auch&#39;</span> <span class='ocrx_word' id='word_1_388' title='bbox 311 4080 349 4134; x_wconf 90' lang='lat' dir='ltr'>ist</span> <span class='ocrx_word' id='word_1_389' title='bbox 366 4079 522 4134; x_wconf 88' lang='lat' dir='ltr'>nichtcice·</span> <span class='ocrx_word' id='word_1_390' title='bbox 563 4085 697 4138; x_wconf 62' lang='lat' dir='ltr'>canonem</span> <span class='ocrx_word' id='word_1_391' title='bbox 731 4080 829 4149; x_wconf 88' lang='lat' dir='ltr'>(durch</span> <span class='ocrx_word' id='word_1_392' title='bbox 863 4080 989 4134; x_wconf 82' lang='lat' dir='ltr'>einiache</span> <span class='ocrx_word' id='word_1_393' title='bbox 1023 4079 1146 4134; x_wconf 77' lang='lat' dir='ltr'>Abutim-</span> 
     </span>
     <span class='ocr_line' id='line_1_41' title="bbox 58 4164 1147 4237; baseline -0.006 -16"><span class='ocrx_word' id='word_1_394' title='bbox 58 4189 64 4221; x_wconf 90' lang='lat'>:</span> <span class='ocrx_word' id='word_1_395' title='bbox 83 4167 154 4234; x_wconf 76' lang='lat' dir='ltr'>ng.</span> <span class='ocrx_word' id='word_1_396' title='bbox 165 4165 205 4220; x_wconf 87' lang='lat' dir='ltr'>St.</span> <span class='ocrx_word' id='word_1_397' title='bbox 216 4168 283 4233; x_wconf 84' lang='lat'>91,2</span> <span class='ocrx_word' id='word_1_398' title='bbox 297 4167 380 4218; x_wconf 80' lang='lat' dir='ltr'>Anm.</span> <span class='ocrx_word' id='word_1_399' title='bbox 398 4193 431 4202; x_wconf 97' lang='lat'>-</span> <span class='ocrx_word' id='word_1_400' title='bbox 448 4182 521 4217; x_wconf 69' lang='lat' dir='ltr'>ccccc</span> <span class='ocrx_word' id='word_1_401' title='bbox 564 4166 671 4237; x_wconf 80' lang='lat' dir='ltr'>mung),</span> <span class='ocrx_word' id='word_1_402' title='bbox 687 4168 710 4219; x_wconf 82' lang='lat' dir='ltr'>ei</span> <span class='ocrx_word' id='word_1_403' title='bbox 725 4167 915 4227; x_wconf 75' lang='lat' dir='ltr'>consentiretur,</span> <span class='ocrx_word' id='word_1_404' title='bbox 932 4173 987 4229; x_wconf 82' lang='lat' dir='ltr'>act,</span> <span class='ocrx_word' id='word_1_405' title='bbox 1004 4165 1027 4215; x_wconf 82' lang='lat' dir='ltr'>ci</span> <span class='ocrx_word' id='word_1_406' title='bbox 1042 4181 1083 4216; x_wconf 82' lang='lat' dir='ltr'>rea</span> <span class='ocrx_word' id='word_1_407' title='bbox 1099 4164 1147 4215; x_wconf 84' lang='lat' dir='ltr'>du-</span> 
     </span>
     <span class='ocr_line' id='line_1_42' title="bbox 57 4247 1146 4318; baseline -0.006 -14"><span class='ocrx_word' id='word_1_408' title='bbox 57 4255 149 4305; x_wconf 79' lang='lat' dir='ltr'>rbitotc</span> <span class='ocrx_word' id='word_1_409' title='bbox 165 4247 295 4317; x_wconf 68' lang='lat' dir='ltr'>Marcelli]</span> <span class='ocrx_word' id='word_1_410' title='bbox 322 4249 396 4304; x_wconf 87' lang='lat' dir='ltr'>diese</span> <span class='ocrx_word' id='word_1_411' title='bbox 422 4249 460 4303; x_wconf 88' lang='lat' dir='ltr'>ist</span> <span class='ocrx_word' id='word_1_412' title='bbox 476 4264 523 4318; x_wconf 78' lang='lat' dir='ltr'>ge·</span> <span class='ocrx_word' id='word_1_413' title='bbox 563 4254 607 4304; x_wconf 79' lang='lat' dir='ltr'>tiu</span> <span class='ocrx_word' id='word_1_414' title='bbox 623 4260 692 4316; x_wconf 64' lang='lat' dir='ltr'>cesa,</span> <span class='ocrx_word' id='word_1_415' title='bbox 706 4267 756 4316; x_wconf 80' lang='lat' dir='ltr'>per</span> <span class='ocrx_word' id='word_1_416' title='bbox 772 4249 931 4315; x_wconf 62' lang='lat' dir='ltr'>cuculorum</span> <span class='ocrx_word' id='word_1_417' title='bbox 952 4248 1089 4301; x_wconf 67' lang='lat' dir='ltr'>amanum</span> <span class='ocrx_word' id='word_1_418' title='bbox 1105 4264 1146 4299; x_wconf 74' lang='lat' dir='ltr'>cer</span> 
     </span>
     <span class='ocr_line' id='line_1_43' title="bbox 55 4329 1146 4403; baseline -0.007 -13"><span class='ocrx_word' id='word_1_419' title='bbox 55 4332 523 4390; x_wconf 78' lang='lat' dir='ltr'>uitdemschonendenhusdrucke</span> <span class='ocrx_word' id='word_1_420' title='bbox 562 4336 671 4403; x_wconf 60' lang='grc' dir='ltr'>ςαὶιίιαι</span> <span class='ocrx_word' id='word_1_421' title='bbox 695 4331 793 4399; x_wconf 88' lang='lat' dir='ltr'>(durch</span> <span class='ocrx_word' id='word_1_422' title='bbox 820 4329 953 4399; x_wconf 83' lang='lat' dir='ltr'>Umlrage</span> <span class='ocrx_word' id='word_1_423' title='bbox 986 4330 1031 4383; x_wconf 87' lang='lat' dir='ltr'>bei</span> <span class='ocrx_word' id='word_1_424' title='bbox 1053 4329 1146 4396; x_wconf 83' lang='lat' dir='ltr'>jedem</span> 
     </span>
     <span class='ocr_line' id='line_1_44' title="bbox 55 4415 1147 4489; baseline -0.009 -14"><span class='ocrx_word' id='word_1_425' title='bbox 55 4421 83 4474; x_wconf 86' lang='lat' dir='ltr'>le</span> <span class='ocrx_word' id='word_1_426' title='bbox 101 4437 153 4489; x_wconf 87' lang='lat' dir='ltr'>pro</span> <span class='ocrx_word' id='word_1_427' title='bbox 170 4419 256 4472; x_wconf 86' lang='lat' dir='ltr'>Marc.</span> <span class='ocrx_word' id='word_1_428' title='bbox 274 4421 306 4471; x_wconf 84' lang='lat'>3:</span> <span class='ocrx_word' id='word_1_429' title='bbox 323 4417 522 4471; x_wconf 79' lang='lat' dir='ltr'>commemoratis</span> <span class='ocrx_word' id='word_1_430' title='bbox 563 4415 743 4483; x_wconf 85' lang='lat' dir='ltr'>Einaelnen);</span> <span class='ocrx_word' id='word_1_431' title='bbox 760 4416 873 4481; x_wconf 65' lang='lat' dir='ltr'>occulos</span> <span class='ocrx_word' id='word_1_432' title='bbox 890 4424 977 4467; x_wconf 64' lang='lat' dir='ltr'>amem</span> <span class='ocrx_word' id='word_1_433' title='bbox 988 4415 1076 4466; x_wconf 78' lang='lat' dir='ltr'>dehere</span> <span class='ocrx_word' id='word_1_434' title='bbox 1088 4430 1147 4465; x_wconf 80' lang='lat' dir='ltr'>coa-</span> 
     </span>
     <span class='ocr_line' id='line_1_45' title="bbox 55 4497 1150 4571; baseline -0.008 -15"><span class='ocrx_word' id='word_1_435' title='bbox 55 4506 91 4557; x_wconf 80' lang='lat' dir='ltr'>ioa</span> <span class='ocrx_word' id='word_1_436' title='bbox 124 4504 305 4571; x_wconf 68' lang='lat' dir='ltr'>offensionibus.</span> <span class='ocrx_word' id='word_1_437' title='bbox 334 4529 367 4539; x_wconf 99' lang='lat'>-</span> <span class='ocrx_word' id='word_1_438' title='bbox 394 4503 523 4570; x_wconf 64' lang='lat' dir='ltr'>aequom</span> <span class='ocrx_word' id='word_1_439' title='bbox 563 4503 615 4555; x_wconf 72' lang='lat' dir='ltr'>edi</span> <span class='ocrx_word' id='word_1_440' title='bbox 628 4501 763 4569; x_wconf 55' lang='lat' dir='ltr'>gradatim</span> <span class='ocrx_word' id='word_1_441' title='bbox 779 4497 1075 4567; x_wconf 70' lang='lat' dir='ltr'>incipiqurcccoruuluri</span> <span class='ocrx_word' id='word_1_442' title='bbox 1088 4514 1150 4561; x_wconf 77' lang='lat' dir='ltr'>qro-</span> 
     </span>
    </p>
   </div>
   <div class='ocr_carea' id='block_1_4' title="bbox 0 0 1307 4890">
    <p class='ocr_par' dir='ltr' id='par_1_20' title="bbox 0 0 1307 4890">
     <span class='ocr_line' id='line_1_46' title="bbox 0 0 1307 4890; baseline 0 0"><span class='ocrx_word' id='word_1_443' title='bbox 0 0 1307 4890; x_wconf 95' lang='lat' dir='ltr'> </span> 
     </span>
    </p>
   </div>
  </div>
 </body>
</html>
