<?xml version="1.0" encoding="UTF-8"?>
<!DOCTYPE html PUBLIC "-//W3C//DTD XHTML 1.0 Transitional//EN"
    "http://www.w3.org/TR/xhtml1/DTD/xhtml1-transitional.dtd">
<html xmlns="http://www.w3.org/1999/xhtml" xml:lang="en" lang="en">
 <head>
  <title>
</title>
<meta http-equiv="Content-Type" content="text/html;charset=utf-8" />
  <meta name='ocr-system' content='tesseract 3.04.00' />
  <meta name='ocr-capabilities' content='ocr_page ocr_carea ocr_par ocr_line ocrx_word'/>
</head>
<body>
  <div class='ocr_page' id='page_1' title='image "./epistulaeselect00boecgoog/epistulaeselect00boecgoog_0486.png"; bbox 0 0 2602 4890; ppageno 0'>
   <div class='ocr_carea' id='block_1_1' title="bbox 55 154 1130 243">
    <p class='ocr_par' dir='ltr' id='par_1_1' title="bbox 55 154 1130 243">
     <span class='ocr_line' id='line_1_1' title="bbox 55 154 1130 243; baseline 0.001 -34"><span class='ocrx_word' id='word_1_1' title='bbox 55 155 64 225; x_wconf 80' lang='grc' dir='ltr'>ι</span> <span class='ocrx_word' id='word_1_2' title='bbox 419 155 465 210; x_wconf 78' lang='grc' dir='ltr'>ιιι</span> <span class='ocrx_word' id='word_1_3' title='bbox 481 154 548 210; x_wconf 82' lang='lat' dir='ltr'>am.</span> <span class='ocrx_word' id='word_1_4' title='bbox 564 155 657 243; x_wconf 68' lang='lat' dir='ltr'>naa</span> <span class='ocrx_word' id='word_1_5' title='bbox 991 154 994 159; x_wconf 84' lang='lat'>·</span> <span class='ocrx_word' id='word_1_6' title='bbox 1070 160 1130 224; x_wconf 65' lang='grc' dir='ltr'>ιιι</span> 
     </span>
    </p>
   </div>
   <div class='ocr_carea' id='block_1_2' title="bbox 55 320 1133 610">
    <p class='ocr_par' dir='ltr' id='par_1_2' title="bbox 55 320 1133 610">
     <span class='ocr_line' id='line_1_2' title="bbox 55 320 1131 406; baseline 0.004 -19"><span class='ocrx_word' id='word_1_7' title='bbox 55 321 170 389; x_wconf 79' lang='lat' dir='ltr'>raxime</span> <span class='ocrx_word' id='word_1_8' title='bbox 190 327 240 387; x_wconf 88' lang='lat' dir='ltr'>est</span> <span class='ocrx_word' id='word_1_9' title='bbox 262 320 480 404; x_wconf 90' lang='lat' dir='ltr'>periculosus,</span> <span class='ocrx_word' id='word_1_10' title='bbox 511 320 598 385; x_wconf 90' lang='lat' dir='ltr'>hunc</span> <span class='ocrx_word' id='word_1_11' title='bbox 627 340 739 387; x_wconf 89' lang='lat' dir='ltr'>casum</span> <span class='ocrx_word' id='word_1_12' title='bbox 760 321 866 403; x_wconf 72' lang='lat' dir='ltr'>coligit</span> <span class='ocrx_word' id='word_1_13' title='bbox 886 324 1015 403; x_wconf 82' lang='lat' dir='ltr'>subire3</span> <span class='ocrx_word' id='word_1_14' title='bbox 1045 346 1131 406; x_wconf 89' lang='lat' dir='ltr'>nam,</span> 
     </span>
     <span class='ocr_line' id='line_1_3' title="bbox 55 421 1132 503; baseline 0.001 -13"><span class='ocrx_word' id='word_1_15' title='bbox 55 424 169 491; x_wconf 89' lang='lat' dir='ltr'>oloco</span> <span class='ocrx_word' id='word_1_16' title='bbox 192 442 314 503; x_wconf 87' lang='lat' dir='ltr'>essem,</span> <span class='ocrx_word' id='word_1_17' title='bbox 349 421 503 501; x_wconf 88' lang='lat' dir='ltr'>verebar,</span> <span class='ocrx_word' id='word_1_18' title='bbox 533 441 576 487; x_wconf 91' lang='lat' dir='ltr'>ne</span> <span class='ocrx_word' id='word_1_19' title='bbox 596 421 649 487; x_wconf 91' lang='lat' dir='ltr'>cui</span> <span class='ocrx_word' id='word_1_20' title='bbox 676 421 932 488; x_wconf 78' lang='lat' dir='ltr'>obtrectatorum</span> <span class='ocrx_word' id='word_1_21' title='bbox 953 424 1079 491; x_wconf 82' lang='lat' dir='ltr'>viderer</span> <span class='ocrx_word' id='word_1_22' title='bbox 1098 432 1132 491; x_wconf 90' lang='lat' dir='ltr'>et</span> 
     </span>
     <span class='ocr_line' id='line_1_4' title="bbox 55 522 1133 610; baseline 0.002 -21"><span class='ocrx_word' id='word_1_23' title='bbox 55 549 62 589; x_wconf 88' lang='grc' dir='ltr'>ι</span> <span class='ocrx_word' id='word_1_24' title='bbox 85 526 298 610; x_wconf 77' lang='lat' dir='ltr'>pertinaciter</span> <span class='ocrx_word' id='word_1_25' title='bbox 316 522 439 607; x_wconf 89' lang='lat' dir='ltr'>Lepido</span> <span class='ocrx_word' id='word_1_26' title='bbox 457 522 597 587; x_wconf 87' lang='lat' dir='ltr'>offensus</span> <span class='ocrx_word' id='word_1_27' title='bbox 615 529 648 588; x_wconf 92' lang='lat' dir='ltr'>et</span> <span class='ocrx_word' id='word_1_28' title='bbox 666 544 738 589; x_wconf 89' lang='lat' dir='ltr'>mea</span> <span class='ocrx_word' id='word_1_29' title='bbox 754 522 917 607; x_wconf 90' lang='lat' dir='ltr'>patientia</span> <span class='ocrx_word' id='word_1_30' title='bbox 932 526 1030 590; x_wconf 90' lang='lat' dir='ltr'>etiam</span> <span class='ocrx_word' id='word_1_31' title='bbox 1047 525 1133 591; x_wconf 90' lang='lat' dir='ltr'>alere</span> 
     </span>
    </p>
   </div>
   <div class='ocr_carea' id='block_1_3' title="bbox 55 722 1187 2516">
    <p class='ocr_par' dir='ltr' id='par_1_3' title="bbox 55 722 1176 1010">
     <span class='ocr_line' id='line_1_5' title="bbox 55 722 1176 810; baseline 0 -19"><span class='ocrx_word' id='word_1_32' title='bbox 55 747 129 810; x_wconf 77' lang='lat' dir='ltr'>ique</span> <span class='ocrx_word' id='word_1_33' title='bbox 158 724 268 809; x_wconf 87' lang='lat' dir='ltr'>copias</span> <span class='ocrx_word' id='word_1_34' title='bbox 297 743 398 807; x_wconf 88' lang='lat' dir='ltr'>prope</span> <span class='ocrx_word' id='word_1_35' title='bbox 428 722 463 787; x_wconf 89' lang='lat' dir='ltr'>iu</span> <span class='ocrx_word' id='word_1_36' title='bbox 493 727 700 806; x_wconf 86' lang='lat' dir='ltr'>conspectum</span> <span class='ocrx_word' id='word_1_37' title='bbox 721 723 834 808; x_wconf 90' lang='lat' dir='ltr'>Lepidi</span> <span class='ocrx_word' id='word_1_38' title='bbox 855 725 1053 809; x_wconf 89' lang='lat' dir='ltr'>Antoniique</span> <span class='ocrx_word' id='word_1_39' title='bbox 1076 728 1133 794; x_wconf 91' lang='lat' dir='ltr'>ad·</span> <span class='ocrx_word' id='word_1_40' title='bbox 1159 751 1176 801; x_wconf 82' lang='lat'><strong>2</strong></span> 
     </span>
     <span class='ocr_line' id='line_1_6' title="bbox 55 824 1135 912; baseline 0.001 -20"><span class='ocrx_word' id='word_1_41' title='bbox 55 827 318 912; x_wconf 18' lang='lat' dir='ltr'>,uadragintaque</span> <span class='ocrx_word' id='word_1_42' title='bbox 353 824 477 889; x_wconf 90' lang='lat' dir='ltr'>milium</span> <span class='ocrx_word' id='word_1_43' title='bbox 515 844 671 906; x_wconf 89' lang='lat' dir='ltr'>passuum</span> <span class='ocrx_word' id='word_1_44' title='bbox 707 824 815 907; x_wconf 90' lang='lat' dir='ltr'>spatio</span> <span class='ocrx_word' id='word_1_45' title='bbox 853 824 966 890; x_wconf 90' lang='lat' dir='ltr'>relicto</span> <span class='ocrx_word' id='word_1_46' title='bbox 1006 829 1135 893; x_wconf 89' lang='lat' dir='ltr'>consedi</span> 
     </span>
     <span class='ocr_line' id='line_1_7' title="bbox 55 924 1136 1010; baseline 0.001 -18"><span class='ocrx_word' id='word_1_47' title='bbox 55 928 132 1008; x_wconf 85' lang='lat' dir='ltr'>silio,</span> <span class='ocrx_word' id='word_1_48' title='bbox 164 931 202 991; x_wconf 91' lang='lat' dir='ltr'>ut</span> <span class='ocrx_word' id='word_1_49' title='bbox 222 926 273 991; x_wconf 89' lang='lat' dir='ltr'>vel</span> <span class='ocrx_word' id='word_1_50' title='bbox 295 926 443 990; x_wconf 86' lang='lat' dir='ltr'>celeriter</span> <span class='ocrx_word' id='word_1_51' title='bbox 465 925 614 990; x_wconf 90' lang='lat' dir='ltr'>accedere</span> <span class='ocrx_word' id='word_1_52' title='bbox 641 924 690 990; x_wconf 90' lang='lat' dir='ltr'>vel</span> <span class='ocrx_word' id='word_1_53' title='bbox 712 925 901 991; x_wconf 80' lang='lat' dir='ltr'>salutariter</span> <span class='ocrx_word' id='word_1_54' title='bbox 922 927 1064 1010; x_wconf 90' lang='lat' dir='ltr'>recipere</span> <span class='ocrx_word' id='word_1_55' title='bbox 1085 947 1136 993; x_wconf 92' lang='lat' dir='ltr'>me</span> 
     </span>
    </p>

    <p class='ocr_par' dir='ltr' id='par_1_4' title="bbox 55 1025 1181 2415">
     <span class='ocr_line' id='line_1_8' title="bbox 57 1025 1136 1111; baseline -0.002 -15"><span class='ocrx_word' id='word_1_56' title='bbox 57 1082 64 1096; x_wconf 92' lang='lat'><strong>.</strong></span> <span class='ocrx_word' id='word_1_57' title='bbox 107 1027 249 1093; x_wconf 85' lang='lat' dir='ltr'>Adiunxi</span> <span class='ocrx_word' id='word_1_58' title='bbox 278 1026 360 1092; x_wconf 88' lang='lat' dir='ltr'>haec</span> <span class='ocrx_word' id='word_1_59' title='bbox 388 1027 423 1091; x_wconf 93' lang='lat' dir='ltr'>in</span> <span class='ocrx_word' id='word_1_60' title='bbox 452 1025 524 1091; x_wconf 93' lang='lat' dir='ltr'>loco</span> <span class='ocrx_word' id='word_1_61' title='bbox 554 1025 717 1108; x_wconf 82' lang='lat' dir='ltr'>eligendo,</span> <span class='ocrx_word' id='word_1_62' title='bbox 750 1025 870 1091; x_wconf 88' lang='lat' dir='ltr'>flumen</span> <span class='ocrx_word' id='word_1_63' title='bbox 893 1027 1076 1111; x_wconf 86' lang='lat' dir='ltr'>oppositum</span> <span class='ocrx_word' id='word_1_64' title='bbox 1098 1036 1136 1094; x_wconf 88' lang='lat' dir='ltr'>ut</span> 
     </span>
     <span class='ocr_line' id='line_1_9' title="bbox 55 1125 1137 1211; baseline 0 -16"><span class='ocrx_word' id='word_1_65' title='bbox 55 1151 102 1210; x_wconf 90' lang='lat' dir='ltr'>m,</span> <span class='ocrx_word' id='word_1_66' title='bbox 133 1128 167 1193; x_wconf 94' lang='lat' dir='ltr'>in</span> <span class='ocrx_word' id='word_1_67' title='bbox 189 1149 254 1211; x_wconf 91' lang='lat' dir='ltr'>quo</span> <span class='ocrx_word' id='word_1_68' title='bbox 277 1148 370 1193; x_wconf 89' lang='lat' dir='ltr'>mora</span> <span class='ocrx_word' id='word_1_69' title='bbox 390 1125 548 1191; x_wconf 86' lang='lat' dir='ltr'>transitus</span> <span class='ocrx_word' id='word_1_70' title='bbox 575 1132 675 1205; x_wconf 89' lang='lat' dir='ltr'>esset,</span> <span class='ocrx_word' id='word_1_71' title='bbox 697 1126 848 1193; x_wconf 90' lang='lat' dir='ltr'>Vocontii</span> <span class='ocrx_word' id='word_1_72' title='bbox 877 1128 940 1194; x_wconf 90' lang='lat' dir='ltr'>sub</span> <span class='ocrx_word' id='word_1_73' title='bbox 970 1150 1069 1195; x_wconf 90' lang='lat' dir='ltr'>manu</span> <span class='ocrx_word' id='word_1_74' title='bbox 1099 1137 1137 1196; x_wconf 91' lang='lat' dir='ltr'>ut</span> 
     </span>
     <span class='ocr_line' id='line_1_10' title="bbox 69 1226 1137 1314; baseline 0 -18"><span class='ocrx_word' id='word_1_75' title='bbox 69 1251 126 1314; x_wconf 90' lang='lat' dir='ltr'>per</span> <span class='ocrx_word' id='word_1_76' title='bbox 148 1249 288 1313; x_wconf 90' lang='lat' dir='ltr'>quorum</span> <span class='ocrx_word' id='word_1_77' title='bbox 310 1228 382 1294; x_wconf 89' lang='lat' dir='ltr'>loca</span> <span class='ocrx_word' id='word_1_78' title='bbox 402 1226 542 1293; x_wconf 84' lang='lat' dir='ltr'>fideliter</span> <span class='ocrx_word' id='word_1_79' title='bbox 563 1227 643 1292; x_wconf 90' lang='lat' dir='ltr'>mihi</span> <span class='ocrx_word' id='word_1_80' title='bbox 665 1233 792 1311; x_wconf 89' lang='lat' dir='ltr'>pateret</span> <span class='ocrx_word' id='word_1_81' title='bbox 813 1229 885 1295; x_wconf 92' lang='lat' dir='ltr'>iter.</span> <span class='ocrx_word' id='word_1_82' title='bbox 922 1228 1063 1313; x_wconf 84' lang='lat' dir='ltr'>Lepidus</span> <span class='ocrx_word' id='word_1_83' title='bbox 1084 1231 1137 1296; x_wconf 88' lang='lat' dir='ltr'>de-</span> 
     </span>
     <span class='ocr_line' id='line_1_11' title="bbox 55 1327 1137 1412; baseline -0.002 -16"><span class='ocrx_word' id='word_1_84' title='bbox 55 1331 224 1396; x_wconf 75' lang='lat' dir='ltr'>radventu</span> <span class='ocrx_word' id='word_1_85' title='bbox 247 1349 338 1408; x_wconf 92' lang='lat' dir='ltr'>meo,</span> <span class='ocrx_word' id='word_1_86' title='bbox 372 1348 467 1411; x_wconf 90' lang='lat' dir='ltr'>quem</span> <span class='ocrx_word' id='word_1_87' title='bbox 490 1347 556 1392; x_wconf 90' lang='lat' dir='ltr'>non</span> <span class='ocrx_word' id='word_1_88' title='bbox 577 1327 783 1393; x_wconf 87' lang='lat' dir='ltr'>mediocriter</span> <span class='ocrx_word' id='word_1_89' title='bbox 804 1328 976 1412; x_wconf 85' lang='lat' dir='ltr'>captabat,</span> <span class='ocrx_word' id='word_1_90' title='bbox 1010 1351 1043 1396; x_wconf 86' lang='lat' dir='ltr'>se</span> <span class='ocrx_word' id='word_1_91' title='bbox 1064 1351 1137 1395; x_wconf 92' lang='lat' dir='ltr'>cum</span> 
     </span>
     <span class='ocr_line' id='line_1_12' title="bbox 55 1427 1139 1513; baseline 0 -15"><span class='ocrx_word' id='word_1_92' title='bbox 55 1454 74 1498; x_wconf 94' lang='lat' dir='ltr'>o</span> <span class='ocrx_word' id='word_1_93' title='bbox 104 1428 269 1497; x_wconf 81' lang='lat' dir='ltr'>coniunxit</span> <span class='ocrx_word' id='word_1_94' title='bbox 298 1450 327 1496; x_wconf 87' lang='lat' dir='ltr'>a</span> <span class='ocrx_word' id='word_1_95' title='bbox 356 1429 438 1495; x_wconf 90' lang='lat' dir='ltr'>d.1v</span> <span class='ocrx_word' id='word_1_96' title='bbox 463 1427 537 1494; x_wconf 89' lang='lat' dir='ltr'>Kal.</span> <span class='ocrx_word' id='word_1_97' title='bbox 559 1429 687 1508; x_wconf 87' lang='lat' dir='ltr'>Iunias,</span> <span class='ocrx_word' id='word_1_98' title='bbox 725 1429 902 1513; x_wconf 91' lang='lat' dir='ltr'>eodemque</span> <span class='ocrx_word' id='word_1_99' title='bbox 931 1429 984 1495; x_wconf 89' lang='lat' dir='ltr'>die</span> <span class='ocrx_word' id='word_1_100' title='bbox 1014 1431 1057 1495; x_wconf 92' lang='lat' dir='ltr'>ad</span> <span class='ocrx_word' id='word_1_101' title='bbox 1088 1453 1139 1499; x_wconf 86' lang='lat' dir='ltr'>me</span> 
     </span>
     <span class='ocr_line' id='line_1_13' title="bbox 60 1528 1139 1612; baseline -0.001 -15"><span class='ocrx_word' id='word_1_102' title='bbox 60 1536 248 1606; x_wconf 85' lang='lat' dir='ltr'>moverunt;</span> <span class='ocrx_word' id='word_1_103' title='bbox 279 1528 396 1612; x_wconf 81' lang='lat' dir='ltr'>viginti</span> <span class='ocrx_word' id='word_1_104' title='bbox 418 1528 510 1593; x_wconf 89' lang='lat' dir='ltr'>milia</span> <span class='ocrx_word' id='word_1_105' title='bbox 533 1549 686 1612; x_wconf 89' lang='lat' dir='ltr'>passuum</span> <span class='ocrx_word' id='word_1_106' title='bbox 709 1549 782 1594; x_wconf 90' lang='lat' dir='ltr'>cum</span> <span class='ocrx_word' id='word_1_107' title='bbox 804 1529 964 1610; x_wconf 88' lang='lat' dir='ltr'>abessent,</span> <span class='ocrx_word' id='word_1_108' title='bbox 986 1552 1038 1597; x_wconf 89' lang='lat' dir='ltr'>res</span> <span class='ocrx_word' id='word_1_109' title='bbox 1059 1533 1139 1598; x_wconf 91' lang='lat' dir='ltr'>mihi</span> 
     </span>
     <span class='ocr_line' id='line_1_14' title="bbox 55 1630 1181 1713; baseline 0.001 -14"><span class='ocrx_word' id='word_1_110' title='bbox 55 1640 87 1699; x_wconf 88' lang='lat' dir='ltr'>ta</span> <span class='ocrx_word' id='word_1_111' title='bbox 109 1638 166 1698; x_wconf 86' lang='lat' dir='ltr'>est.</span> <span class='ocrx_word' id='word_1_112' title='bbox 212 1630 294 1695; x_wconf 91' lang='lat' dir='ltr'>Dedi</span> <span class='ocrx_word' id='word_1_113' title='bbox 317 1650 448 1713; x_wconf 88' lang='lat' dir='ltr'>operam</span> <span class='ocrx_word' id='word_1_114' title='bbox 471 1630 568 1695; x_wconf 90' lang='lat' dir='ltr'>deum</span> <span class='ocrx_word' id='word_1_115' title='bbox 585 1630 793 1713; x_wconf 80' lang='lat' dir='ltr'>benignitate,</span> <span class='ocrx_word' id='word_1_116' title='bbox 821 1636 858 1695; x_wconf 94' lang='lat' dir='ltr'>ut</span> <span class='ocrx_word' id='word_1_117' title='bbox 876 1637 909 1696; x_wconf 90' lang='lat' dir='ltr'>et</span> <span class='ocrx_word' id='word_1_118' title='bbox 926 1631 1072 1698; x_wconf 88' lang='lat' dir='ltr'>celeriter</span> <span class='ocrx_word' id='word_1_119' title='bbox 1089 1655 1139 1700; x_wconf 89' lang='lat' dir='ltr'>me</span> <span class='ocrx_word' id='word_1_120' title='bbox 1164 1655 1181 1707; x_wconf 81' lang='lat'><strong>3</strong></span> 
     </span>
     <span class='ocr_line' id='line_1_15' title="bbox 57 1730 1140 1812; baseline 0 -13"><span class='ocrx_word' id='word_1_121' title='bbox 57 1755 106 1799; x_wconf 91' lang='lat' dir='ltr'>em</span> <span class='ocrx_word' id='word_1_122' title='bbox 128 1739 161 1798; x_wconf 91' lang='lat' dir='ltr'>et</span> <span class='ocrx_word' id='word_1_123' title='bbox 183 1733 235 1796; x_wconf 91' lang='lat' dir='ltr'>hic</span> <span class='ocrx_word' id='word_1_124' title='bbox 257 1730 415 1795; x_wconf 86' lang='lat' dir='ltr'>discessus</span> <span class='ocrx_word' id='word_1_125' title='bbox 435 1730 520 1795; x_wconf 90' lang='lat' dir='ltr'>nihil</span> <span class='ocrx_word' id='word_1_126' title='bbox 541 1731 639 1812; x_wconf 82' lang='lat' dir='ltr'>fugae</span> <span class='ocrx_word' id='word_1_127' title='bbox 669 1730 772 1796; x_wconf 86' lang='lat' dir='ltr'>simile</span> <span class='ocrx_word' id='word_1_128' title='bbox 794 1730 939 1812; x_wconf 89' lang='lat' dir='ltr'>haberet,</span> <span class='ocrx_word' id='word_1_129' title='bbox 962 1753 1027 1798; x_wconf 90' lang='lat' dir='ltr'>non</span> <span class='ocrx_word' id='word_1_130' title='bbox 1049 1735 1140 1800; x_wconf 90' lang='lat' dir='ltr'>miles</span> 
     </span>
     <span class='ocr_line' id='line_1_16' title="bbox 71 1830 1141 1916; baseline 0 -17"><span class='ocrx_word' id='word_1_131' title='bbox 71 1854 135 1899; x_wconf 89' lang='lat' dir='ltr'>non</span> <span class='ocrx_word' id='word_1_132' title='bbox 157 1853 273 1916; x_wconf 89' lang='lat' dir='ltr'>eques,</span> <span class='ocrx_word' id='word_1_133' title='bbox 305 1852 369 1897; x_wconf 90' lang='lat' dir='ltr'>non</span> <span class='ocrx_word' id='word_1_134' title='bbox 400 1831 577 1914; x_wconf 89' lang='lat' dir='ltr'>quicquam</span> <span class='ocrx_word' id='word_1_135' title='bbox 607 1830 912 1914; x_wconf 83' lang='lat' dir='ltr'>impedimentorum</span> <span class='ocrx_word' id='word_1_136' title='bbox 934 1832 1141 1899; x_wconf 84' lang='lat' dir='ltr'>amitteretur</span> 
     </span>
     <span class='ocr_line' id='line_1_17' title="bbox 55 1930 1141 2016; baseline 0.004 -22"><span class='ocrx_word' id='word_1_137' title='bbox 55 1934 145 1999; x_wconf 65' lang='lat' dir='ltr'>rillio</span> <span class='ocrx_word' id='word_1_138' title='bbox 166 1931 366 1998; x_wconf 87' lang='lat' dir='ltr'>ferventibus</span> <span class='ocrx_word' id='word_1_139' title='bbox 387 1931 570 1996; x_wconf 85' lang='lat' dir='ltr'>latronibus</span> <span class='ocrx_word' id='word_1_140' title='bbox 600 1931 855 2016; x_wconf 86' lang='lat' dir='ltr'>interciperetur.</span> <span class='ocrx_word' id='word_1_141' title='bbox 898 1930 1014 2013; x_wconf 88' lang='lat' dir='ltr'>Itaque</span> <span class='ocrx_word' id='word_1_142' title='bbox 1036 1932 1141 2016; x_wconf 90' lang='lat' dir='ltr'>pridie</span> 
     </span>
     <span class='ocr_line' id='line_1_18' title="bbox 67 2031 1140 2116; baseline -0.005 -15"><span class='ocrx_word' id='word_1_143' title='bbox 67 2036 178 2101; x_wconf 90' lang='lat' dir='ltr'>Iunias</span> <span class='ocrx_word' id='word_1_144' title='bbox 202 2033 305 2098; x_wconf 89' lang='lat' dir='ltr'>omnis</span> <span class='ocrx_word' id='word_1_145' title='bbox 327 2032 435 2116; x_wconf 90' lang='lat' dir='ltr'>copias</span> <span class='ocrx_word' id='word_1_146' title='bbox 458 2031 584 2098; x_wconf 89' lang='lat' dir='ltr'>Isaram</span> <span class='ocrx_word' id='word_1_147' title='bbox 611 2033 724 2099; x_wconf 90' lang='lat' dir='ltr'>traieci</span> <span class='ocrx_word' id='word_1_148' title='bbox 747 2038 934 2116; x_wconf 89' lang='lat' dir='ltr'>pontesque,</span> <span class='ocrx_word' id='word_1_149' title='bbox 956 2051 1038 2114; x_wconf 91' lang='lat' dir='ltr'>quos</span> <span class='ocrx_word' id='word_1_150' title='bbox 1059 2032 1140 2097; x_wconf 84' lang='lat' dir='ltr'>fece-</span> 
     </span>
     <span class='ocr_line' id='line_1_19' title="bbox 55 2131 1143 2219; baseline -0.005 -17"><span class='ocrx_word' id='word_1_151' title='bbox 55 2136 207 2219; x_wconf 89' lang='lat' dir='ltr'>uterrupi,</span> <span class='ocrx_word' id='word_1_152' title='bbox 233 2139 272 2198; x_wconf 91' lang='lat' dir='ltr'>ut</span> <span class='ocrx_word' id='word_1_153' title='bbox 293 2135 434 2218; x_wconf 89' lang='lat' dir='ltr'>spatium</span> <span class='ocrx_word' id='word_1_154' title='bbox 457 2132 500 2197; x_wconf 91' lang='lat' dir='ltr'>ad</span> <span class='ocrx_word' id='word_1_155' title='bbox 522 2132 737 2215; x_wconf 84' lang='lat' dir='ltr'>colligendum</span> <span class='ocrx_word' id='word_1_156' title='bbox 759 2153 793 2198; x_wconf 91' lang='lat' dir='ltr'>se</span> <span class='ocrx_word' id='word_1_157' title='bbox 814 2132 960 2199; x_wconf 89' lang='lat' dir='ltr'>homines</span> <span class='ocrx_word' id='word_1_158' title='bbox 982 2131 1143 2197; x_wconf 87' lang='lat' dir='ltr'>haberent</span> 
     </span>
     <span class='ocr_line' id='line_1_20' title="bbox 74 2230 1143 2315; baseline -0.003 -15"><span class='ocrx_word' id='word_1_159' title='bbox 74 2258 124 2302; x_wconf 90' lang='lat' dir='ltr'>me</span> <span class='ocrx_word' id='word_1_160' title='bbox 145 2237 268 2300; x_wconf 88' lang='lat' dir='ltr'>interea</span> <span class='ocrx_word' id='word_1_161' title='bbox 289 2255 362 2298; x_wconf 91' lang='lat' dir='ltr'>cum</span> <span class='ocrx_word' id='word_1_162' title='bbox 384 2232 508 2315; x_wconf 85' lang='lat' dir='ltr'>collega</span> <span class='ocrx_word' id='word_1_163' title='bbox 533 2232 771 2315; x_wconf 85' lang='lat' dir='ltr'>coniungerem,</span> <span class='ocrx_word' id='word_1_164' title='bbox 802 2252 897 2314; x_wconf 88' lang='lat' dir='ltr'>quem</span> <span class='ocrx_word' id='word_1_165' title='bbox 919 2230 1039 2310; x_wconf 88' lang='lat' dir='ltr'>triduo,</span> <span class='ocrx_word' id='word_1_166' title='bbox 1070 2252 1143 2297; x_wconf 92' lang='lat' dir='ltr'>cum</span> 
     </span>
     <span class='ocr_line' id='line_1_21' title="bbox 55 2333 548 2415; baseline -0.01 -15"><span class='ocrx_word' id='word_1_167' title='bbox 55 2335 133 2401; x_wconf 81' lang='lat' dir='ltr'>‚bam</span> <span class='ocrx_word' id='word_1_168' title='bbox 155 2334 291 2411; x_wconf 88' lang='lat' dir='ltr'>litteras,</span> <span class='ocrx_word' id='word_1_169' title='bbox 313 2333 548 2415; x_wconf 87' lang='lat' dir='ltr'>exspectabam.</span> 
     </span>
    </p>

    <p class='ocr_par' dir='ltr' id='par_1_5' title="bbox 55 2432 1187 2516">
     <span class='ocr_line' id='line_1_22' title="bbox 55 2432 1187 2516; baseline -0.002 -15"><span class='ocrx_word' id='word_1_170' title='bbox 55 2435 203 2502; x_wconf 77' lang='lat' dir='ltr'>aterensis</span> <span class='ocrx_word' id='word_1_171' title='bbox 234 2435 337 2499; x_wconf 90' lang='lat' dir='ltr'>nostri</span> <span class='ocrx_word' id='word_1_172' title='bbox 362 2439 395 2499; x_wconf 90' lang='lat' dir='ltr'>ct</span> <span class='ocrx_word' id='word_1_173' title='bbox 426 2433 522 2499; x_wconf 88' lang='lat' dir='ltr'>fidem</span> <span class='ocrx_word' id='word_1_174' title='bbox 552 2438 586 2498; x_wconf 92' lang='lat' dir='ltr'>et</span> <span class='ocrx_word' id='word_1_175' title='bbox 618 2433 762 2499; x_wconf 90' lang='lat' dir='ltr'>animum</span> <span class='ocrx_word' id='word_1_176' title='bbox 791 2432 988 2516; x_wconf 82' lang='lat' dir='ltr'>singularem</span> <span class='ocrx_word' id='word_1_177' title='bbox 1013 2433 1047 2497; x_wconf 91' lang='lat' dir='ltr'>in</span> <span class='ocrx_word' id='word_1_178' title='bbox 1068 2455 1136 2499; x_wconf 89' lang='lat' dir='ltr'>rem</span> <span class='ocrx_word' id='word_1_179' title='bbox 1169 2458 1187 2510; x_wconf 83' lang='lat'>4</span> 
     </span>
    </p>
   </div>
   <div class='ocr_carea' id='block_1_4' title="bbox 55 2719 1172 4549">
    <p class='ocr_par' dir='ltr' id='par_1_6' title="bbox 55 2719 1160 4461">
     <span class='ocr_line' id='line_1_23' title="bbox 55 2719 1146 2790; baseline -0.004 -13"><span class='ocrx_word' id='word_1_180' title='bbox 55 2753 79 2762; x_wconf 97' lang='lat'>-</span> <span class='ocrx_word' id='word_1_181' title='bbox 104 2726 155 2777; x_wconf 77' lang='lat' dir='ltr'>alai</span> <span class='ocrx_word' id='word_1_182' title='bbox 186 2742 237 2775; x_wconf 80' lang='lat' dir='ltr'>aco</span> <span class='ocrx_word' id='word_1_183' title='bbox 265 2726 317 2776; x_wconf 82' lang='lat' dir='ltr'>loco</span> <span class='ocrx_word' id='word_1_184' title='bbox 353 2721 438 2790; x_wconf 75' lang='lat' dir='ltr'>casem]</span> <span class='ocrx_word' id='word_1_185' title='bbox 468 2722 520 2775; x_wconf 78' lang='lat' dir='ltr'>mit</span> <span class='ocrx_word' id='word_1_186' title='bbox 598 2724 622 2775; x_wconf 88' lang='lat'>3.</span> <span class='ocrx_word' id='word_1_187' title='bbox 640 2719 729 2789; x_wconf 81' lang='lat' dir='ltr'>deam]</span> <span class='ocrx_word' id='word_1_188' title='bbox 748 2739 782 2773; x_wconf 90' lang='lat' dir='ltr'>zu</span> <span class='ocrx_word' id='word_1_189' title='bbox 799 2737 842 2786; x_wconf 91' lang='lat' dir='ltr'>ep.</span> <span class='ocrx_word' id='word_1_190' title='bbox 862 2719 919 2784; x_wconf 85' lang='lat'>143,</span> <span class='ocrx_word' id='word_1_191' title='bbox 937 2721 961 2771; x_wconf 90' lang='grc'>6.</span> <span class='ocrx_word' id='word_1_192' title='bbox 987 2746 1017 2755; x_wconf 93' lang='grc'>-</span> <span class='ocrx_word' id='word_1_193' title='bbox 1039 2721 1146 2785; x_wconf 79' lang='lat' dir='ltr'>ferocu-</span> 
     </span>
     <span class='ocr_line' id='line_1_24' title="bbox 55 2801 1148 2875; baseline -0.004 -14"><span class='ocrx_word' id='word_1_194' title='bbox 55 2828 62 2861; x_wconf 83' lang='lat' dir='ltr'>r</span> <span class='ocrx_word' id='word_1_195' title='bbox 89 2810 147 2862; x_wconf 87' lang='lat' dir='ltr'>also</span> <span class='ocrx_word' id='word_1_196' title='bbox 167 2807 239 2861; x_wconf 90' lang='lat' dir='ltr'>noch</span> <span class='ocrx_word' id='word_1_197' title='bbox 257 2807 357 2875; x_wconf 74' lang='lat' dir='ltr'>linger</span> <span class='ocrx_word' id='word_1_198' title='bbox 373 2806 448 2859; x_wconf 88' lang='lat' dir='ltr'>mich</span> <span class='ocrx_word' id='word_1_199' title='bbox 466 2822 521 2859; x_wconf 86' lang='lat' dir='ltr'>von</span> <span class='ocrx_word' id='word_1_200' title='bbox 563 2807 627 2857; x_wconf 63' lang='lat' dir='ltr'>abac</span> <span class='ocrx_word' id='word_1_201' title='bbox 643 2801 796 2871; x_wconf 76' lang='lat' dir='ltr'>latronibus]</span> <span class='ocrx_word' id='word_1_202' title='bbox 818 2805 926 2870; x_wconf 75' lang='lat' dir='ltr'>fervere</span> <span class='ocrx_word' id='word_1_203' title='bbox 946 2802 1018 2855; x_wconf 91' lang='lat' dir='ltr'>ohne</span> <span class='ocrx_word' id='word_1_204' title='bbox 1044 2802 1148 2857; x_wconf 78' lang='lat' dir='ltr'>nithere</span> 
     </span>
     <span class='ocr_line' id='line_1_25' title="bbox 55 2885 1148 2956; baseline -0.007 -10"><span class='ocrx_word' id='word_1_205' title='bbox 55 2893 141 2948; x_wconf 87' lang='lat' dir='ltr'>tfernt</span> <span class='ocrx_word' id='word_1_206' title='bbox 158 2891 253 2945; x_wconf 86' lang='lat' dir='ltr'>hielte.</span> <span class='ocrx_word' id='word_1_207' title='bbox 564 2888 759 2956; x_wconf 78' lang='lat' dir='ltr'>Bestimmung</span> <span class='ocrx_word' id='word_1_208' title='bbox 792 2885 901 2940; x_wconf 81' lang='lat' dir='ltr'>scheint</span> <span class='ocrx_word' id='word_1_209' title='bbox 935 2885 985 2939; x_wconf 92' lang='lat' dir='ltr'>der</span> <span class='ocrx_word' id='word_1_210' title='bbox 1012 2886 1148 2954; x_wconf 80' lang='lat' dir='ltr'>vulgiiren</span> 
     </span>
     <span class='ocr_line' id='line_1_26' title="bbox 55 2968 1149 3042; baseline -0.006 -13"><span class='ocrx_word' id='word_1_211' title='bbox 55 2971 147 3042; x_wconf 74' lang='lat' dir='ltr'>matii]</span> <span class='ocrx_word' id='word_1_212' title='bbox 164 2973 301 3026; x_wconf 83' lang='lat' dir='ltr'>awischen</span> <span class='ocrx_word' id='word_1_213' title='bbox 319 2971 455 3027; x_wconf 84' lang='lat' dir='ltr'>Druentia</span> <span class='ocrx_word' id='word_1_214' title='bbox 464 2972 522 3026; x_wconf 91' lang='lat' dir='ltr'>und</span> <span class='ocrx_word' id='word_1_215' title='bbox 564 2970 687 3039; x_wconf 85' lang='lat' dir='ltr'>Sprache</span> <span class='ocrx_word' id='word_1_216' title='bbox 695 2969 986 3038; x_wconf 71' lang='lat' dir='ltr'>anzugehdremcael.</span> <span class='ocrx_word' id='word_1_217' title='bbox 996 2968 1063 3023; x_wconf 86' lang='lat' dir='ltr'>fam.</span> <span class='ocrx_word' id='word_1_218' title='bbox 1073 2968 1149 3035; x_wconf 90' lang='lat' dir='ltr'>VIII,</span> 
     </span>
     <span class='ocr_line' id='line_1_27' title="bbox 55 3054 1150 3124; baseline -0.005 -13"><span class='ocrx_word' id='word_1_219' title='bbox 55 3088 77 3096; x_wconf 94' lang='lat'><em>-</em></span> <span class='ocrx_word' id='word_1_220' title='bbox 98 3060 143 3111; x_wconf 78' lang='lat' dir='ltr'>rub</span> <span class='ocrx_word' id='word_1_221' title='bbox 160 3076 242 3110; x_wconf 82' lang='lat' dir='ltr'>mauu</span> <span class='ocrx_word' id='word_1_222' title='bbox 259 3054 348 3124; x_wconf 66' lang='lat' dir='ltr'>aaut]</span> <span class='ocrx_word' id='word_1_223' title='bbox 375 3055 522 3110; x_wconf 83' lang='lat' dir='ltr'>Ausdruck</span> <span class='ocrx_word' id='word_1_224' title='bbox 564 3057 588 3123; x_wconf 91' lang='lat'>8,</span> <span class='ocrx_word' id='word_1_225' title='bbox 613 3056 644 3108; x_wconf 83' lang='lat'>2:</span> <span class='ocrx_word' id='word_1_226' title='bbox 679 3056 711 3107; x_wconf 82' lang='lat' dir='ltr'>de</span> <span class='ocrx_word' id='word_1_227' title='bbox 737 3055 903 3107; x_wconf 78' lang='lat' dir='ltr'>damnatione</span> <span class='ocrx_word' id='word_1_228' title='bbox 921 3054 1056 3121; x_wconf 80' lang='lat' dir='ltr'>ferventer</span> <span class='ocrx_word' id='word_1_229' title='bbox 1081 3055 1150 3121; x_wconf 75' lang='lat' dir='ltr'>loqui</span> 
     </span>
     <span class='ocr_line' id='line_1_28' title="bbox 55 3135 1149 3212; baseline -0.006 -16"><span class='ocrx_word' id='word_1_230' title='bbox 55 3141 287 3212; x_wconf 82' lang='lat' dir='ltr'>rgangssprache:</span> <span class='ocrx_word' id='word_1_231' title='bbox 304 3139 359 3194; x_wconf 90' lang='lat' dir='ltr'>‘bei</span> <span class='ocrx_word' id='word_1_232' title='bbox 372 3140 422 3193; x_wconf 89' lang='lat' dir='ltr'>der</span> <span class='ocrx_word' id='word_1_233' title='bbox 432 3138 522 3204; x_wconf 87' lang='lat' dir='ltr'>Hand,</span> <span class='ocrx_word' id='word_1_234' title='bbox 564 3149 600 3194; x_wconf 85' lang='lat' dir='ltr'>eet</span> <span class='ocrx_word' id='word_1_235' title='bbox 612 3147 741 3206; x_wconf 64' lang='lat' dir='ltr'>coemam,-</span> <span class='ocrx_word' id='word_1_236' title='bbox 759 3136 883 3191; x_wconf 89' lang='lat' dir='ltr'>derselbe</span> <span class='ocrx_word' id='word_1_237' title='bbox 900 3137 966 3191; x_wconf 84' lang='lat' dir='ltr'>fam.</span> <span class='ocrx_word' id='word_1_238' title='bbox 983 3135 1056 3201; x_wconf 87' lang='lat' dir='ltr'>VIII,</span> <span class='ocrx_word' id='word_1_239' title='bbox 1074 3138 1100 3201; x_wconf 88' lang='lat'>6,</span> <span class='ocrx_word' id='word_1_240' title='bbox 1117 3138 1149 3190; x_wconf 82' lang='lat'>5:</span> 
     </span>
     <span class='ocr_line' id='line_1_29' title="bbox 55 3206 1151 3293; baseline -0.006 -14"><span class='ocrx_word' id='word_1_241' title='bbox 55 3226 99 3280; x_wconf 82' lang='lat' dir='ltr'>ille</span> <span class='ocrx_word' id='word_1_242' title='bbox 124 3224 232 3278; x_wconf 89' lang='lat' dir='ltr'>bereit&#39;.</span> <span class='ocrx_word' id='word_1_243' title='bbox 260 3223 320 3293; x_wconf 80' lang='lat' dir='ltr'>Vgl.</span> <span class='ocrx_word' id='word_1_244' title='bbox 346 3224 438 3277; x_wconf 89' lang='lat' dir='ltr'>Plaut.</span> <span class='ocrx_word' id='word_1_245' title='bbox 463 3222 523 3276; x_wconf 87' lang='lat' dir='ltr'>Mil.</span> <span class='ocrx_word' id='word_1_246' title='bbox 560 3224 749 3291; x_wconf 75' lang='lat' dir='ltr'>smecticaime</span> <span class='ocrx_word' id='word_1_247' title='bbox 780 3223 952 3288; x_wconf 62' lang='lat' dir='ltr'>accepim</span> <span class='ocrx_word' id='word_1_248' title='bbox 996 3206 1071 3273; x_wconf 81' lang='lat' dir='ltr'>Uber</span> <span class='ocrx_word' id='word_1_249' title='bbox 1105 3218 1151 3273; x_wconf 81' lang='lat' dir='ltr'>die</span> 
     </span>
     <span class='ocr_line' id='line_1_30' title="bbox 55 3303 1151 3376; baseline -0.01 -11"><span class='ocrx_word' id='word_1_250' title='bbox 55 3309 202 3364; x_wconf 78' lang='lat'><strong>59:873:</strong></span> <span class='ocrx_word' id='word_1_251' title='bbox 228 3309 326 3376; x_wconf 71' lang='lat' dir='ltr'>Lepida</span> <span class='ocrx_word' id='word_1_252' title='bbox 351 3309 396 3360; x_wconf 84' lang='lat' dir='ltr'>boc</span> <span class='ocrx_word' id='word_1_253' title='bbox 413 3307 525 3360; x_wconf 73' lang='lat' dir='ltr'>raecedit</span> <span class='ocrx_word' id='word_1_254' title='bbox 565 3305 714 3373; x_wconf 88' lang='lat' dir='ltr'>Metaphcr</span> <span class='ocrx_word' id='word_1_255' title='bbox 743 3305 800 3374; x_wconf 82' lang='lat' dir='ltr'>vgl.</span> <span class='ocrx_word' id='word_1_256' title='bbox 830 3304 901 3374; x_wconf 75' lang='lat' dir='ltr'>aeg.</span> <span class='ocrx_word' id='word_1_257' title='bbox 921 3303 982 3358; x_wconf 86' lang='lat' dir='ltr'>Stil.</span> <span class='ocrx_word' id='word_1_258' title='bbox 1001 3304 1151 3370; x_wconf 85' lang='lat'>134,1.-</span> 
     </span>
     <span class='ocr_line' id='line_1_31' title="bbox 55 3386 1153 3459; baseline -0.005 -14"><span class='ocrx_word' id='word_1_259' title='bbox 55 3412 100 3445; x_wconf 82' lang='lat' dir='ltr'>aar</span> <span class='ocrx_word' id='word_1_260' title='bbox 119 3394 254 3459; x_wconf 72' lang='lat' dir='ltr'>nepotiana.</span> <span class='ocrx_word' id='word_1_261' title='bbox 272 3421 304 3430; x_wconf 81' lang='lat'><em>-</em></span> <span class='ocrx_word' id='word_1_262' title='bbox 316 3388 440 3459; x_wconf 80' lang='lat' dir='ltr'>fideliter]</span> <span class='ocrx_word' id='word_1_263' title='bbox 458 3406 525 3443; x_wconf 87' lang='lat' dir='ltr'>von·</span> <span class='ocrx_word' id='word_1_264' title='bbox 567 3392 682 3458; x_wconf 81' lang='lat' dir='ltr'>epatium</span> <span class='ocrx_word' id='word_1_265' title='bbox 699 3390 736 3441; x_wconf 87' lang='lat' dir='ltr'>cd</span> <span class='ocrx_word' id='word_1_266' title='bbox 752 3390 920 3455; x_wconf 78' lang='lat' dir='ltr'>colliqeadrun</span> <span class='ocrx_word' id='word_1_267' title='bbox 937 3386 1064 3456; x_wconf 72' lang='lat' dir='ltr'>selwenn</span> <span class='ocrx_word' id='word_1_268' title='bbox 1075 3387 1153 3441; x_wconf 81' lang='lat' dir='ltr'>Gaea.</span> 
     </span>
     <span class='ocr_line' id='line_1_32' title="bbox 55 3472 1153 3542; baseline -0.007 -11"><span class='ocrx_word' id='word_1_269' title='bbox 55 3476 102 3531; x_wconf 81' lang='lat' dir='ltr'>der</span> <span class='ocrx_word' id='word_1_270' title='bbox 121 3475 274 3530; x_wconf 86' lang='lat' dir='ltr'>Vocontier.</span> <span class='ocrx_word' id='word_1_271' title='bbox 292 3476 467 3542; x_wconf 78' lang='lat' dir='ltr'>-dcsperuto</span> <span class='ocrx_word' id='word_1_272' title='bbox 480 3474 526 3526; x_wconf 80' lang='lat' dir='ltr'>ud-</span> <span class='ocrx_word' id='word_1_273' title='bbox 568 3472 801 3539; x_wconf 82' lang='lat' dir='ltr'>b.G.111,19‚1</span> <span class='ocrx_word' id='word_1_274' title='bbox 832 3472 898 3525; x_wconf 82' lang='lat' dir='ltr'>hat:</span> <span class='ocrx_word' id='word_1_275' title='bbox 924 3482 953 3524; x_wconf 80' lang='lat' dir='ltr'>ut</span> <span class='ocrx_word' id='word_1_276' title='bbox 973 3490 1052 3540; x_wconf 76' lang='lat' dir='ltr'>quum</span> <span class='ocrx_word' id='word_1_277' title='bbox 1077 3473 1153 3524; x_wconf 77' lang='lat' dir='ltr'>mini·</span> 
     </span>
     <span class='ocr_line' id='line_1_33' title="bbox 55 3556 1152 3629; baseline -0.006 -16"><span class='ocrx_word' id='word_1_278' title='bbox 55 3559 101 3629; x_wconf 79' lang='lat' dir='ltr'>reo]</span> <span class='ocrx_word' id='word_1_279' title='bbox 120 3559 178 3614; x_wconf 88' lang='lat' dir='ltr'>dies</span> <span class='ocrx_word' id='word_1_280' title='bbox 188 3576 246 3613; x_wconf 87' lang='lat' dir='ltr'>war</span> <span class='ocrx_word' id='word_1_281' title='bbox 254 3558 299 3612; x_wconf 86' lang='lat' dir='ltr'>fiir</span> <span class='ocrx_word' id='word_1_282' title='bbox 308 3557 429 3625; x_wconf 87' lang='lat' dir='ltr'>Lepidus</span> <span class='ocrx_word' id='word_1_283' title='bbox 447 3556 527 3610; x_wconf 80' lang='lat' dir='ltr'>ulcht</span> <span class='ocrx_word' id='word_1_284' title='bbox 568 3576 641 3610; x_wconf 82' lang='lat' dir='ltr'>mum</span> <span class='ocrx_word' id='word_1_285' title='bbox 666 3558 748 3624; x_wconf 77' lang='lat' dir='ltr'>spacii</span> <span class='ocrx_word' id='word_1_286' title='bbox 771 3558 807 3609; x_wconf 85' lang='lat' dir='ltr'>cd</span> <span class='ocrx_word' id='word_1_287' title='bbox 829 3558 1020 3624; x_wconf 72' lang='lat' dir='ltr'>recollipeadoa</span> <span class='ocrx_word' id='word_1_288' title='bbox 1045 3573 1152 3607; x_wconf 69' lang='lat' dir='ltr'>mman-</span> 
     </span>
     <span class='ocr_line' id='line_1_34' title="bbox 55 3638 1154 3710; baseline -0.006 -12"><span class='ocrx_word' id='word_1_289' title='bbox 55 3645 113 3699; x_wconf 90' lang='lat' dir='ltr'>nnd</span> <span class='ocrx_word' id='word_1_290' title='bbox 131 3642 264 3696; x_wconf 82' lang='lat' dir='ltr'>auseiner</span> <span class='ocrx_word' id='word_1_291' title='bbox 281 3640 466 3710; x_wconf 75' lang='lat' dir='ltr'>Verbindung</span> <span class='ocrx_word' id='word_1_292' title='bbox 474 3641 528 3693; x_wconf 89' lang='lat' dir='ltr'>mit</span> <span class='ocrx_word' id='word_1_293' title='bbox 570 3644 665 3709; x_wconf 80' lang='lat' dir='ltr'>deaque</span> <span class='ocrx_word' id='word_1_294' title='bbox 684 3642 809 3693; x_wconf 76' lang='lat' dir='ltr'>Romomia</span> <span class='ocrx_word' id='word_1_295' title='bbox 825 3643 945 3707; x_wconf 82' lang='lat' dir='ltr'>duretur,</span> <span class='ocrx_word' id='word_1_296' title='bbox 970 3656 1000 3693; x_wconf 85' lang='lat' dir='ltr'>so</span> <span class='ocrx_word' id='word_1_297' title='bbox 1027 3638 1093 3692; x_wconf 81' lang='lat' dir='ltr'>dari</span> <span class='ocrx_word' id='word_1_298' title='bbox 1118 3639 1154 3691; x_wconf 85' lang='lat' dir='ltr'>ud</span> 
     </span>
     <span class='ocr_line' id='line_1_35' title="bbox 56 3723 1153 3797; baseline -0.01 -14"><span class='ocrx_word' id='word_1_299' title='bbox 56 3747 103 3797; x_wconf 82' lang='lat' dir='ltr'>us3</span> <span class='ocrx_word' id='word_1_300' title='bbox 120 3727 185 3780; x_wconf 87' lang='lat' dir='ltr'>fam.</span> <span class='ocrx_word' id='word_1_301' title='bbox 203 3725 238 3793; x_wconf 90' lang='lat' dir='ltr'>X,</span> <span class='ocrx_word' id='word_1_302' title='bbox 264 3727 337 3793; x_wconf 83' lang='lat'>11,2</span> <span class='ocrx_word' id='word_1_303' title='bbox 363 3729 427 3794; x_wconf 75' lang='lat' dir='ltr'>sagt</span> <span class='ocrx_word' id='word_1_304' title='bbox 449 3724 530 3777; x_wconf 86' lang='lat' dir='ltr'>Plan·</span> <span class='ocrx_word' id='word_1_305' title='bbox 570 3725 739 3792; x_wconf 71' lang='lat' dir='ltr'>collipendam</span> <span class='ocrx_word' id='word_1_306' title='bbox 756 3742 782 3777; x_wconf 86' lang='lat' dir='ltr'>ec</span> <span class='ocrx_word' id='word_1_307' title='bbox 799 3724 859 3790; x_wconf 89' lang='lat' dir='ltr'>(der</span> <span class='ocrx_word' id='word_1_308' title='bbox 875 3723 965 3778; x_wconf 81' lang='lat' dir='ltr'>Mod:</span> <span class='ocrx_word' id='word_1_309' title='bbox 990 3733 1014 3776; x_wconf 77' lang='lat' dir='ltr'>et</span> <span class='ocrx_word' id='word_1_310' title='bbox 1039 3723 1095 3774; x_wconf 86' lang='lat' dir='ltr'>coll.</span> <span class='ocrx_word' id='word_1_311' title='bbox 1117 3726 1153 3786; x_wconf 78' lang='lat' dir='ltr'>aa)</span> 
     </span>
     <span class='ocr_line' id='line_1_36' title="bbox 57 3803 1154 3878; baseline -0.008 -13"><span class='ocrx_word' id='word_1_312' title='bbox 57 3830 75 3865; x_wconf 88' lang='grc' dir='ltr'>ιι</span> <span class='ocrx_word' id='word_1_313' title='bbox 101 3810 236 3878; x_wconf 84' lang='lat' dir='ltr'>Lepidus:</span> <span class='ocrx_word' id='word_1_314' title='bbox 257 3820 363 3877; x_wconf 72' lang='lat' dir='ltr'>precato</span> <span class='ocrx_word' id='word_1_315' title='bbox 388 3810 451 3862; x_wconf 75' lang='lat' dir='ltr'>mibi</span> <span class='ocrx_word' id='word_1_316' title='bbox 472 3809 530 3875; x_wconf 78' lang='lat' dir='ltr'>fait</span> <span class='ocrx_word' id='word_1_317' title='bbox 571 3809 602 3863; x_wconf 93' lang='lat' dir='ltr'>in</span> <span class='ocrx_word' id='word_1_318' title='bbox 630 3808 720 3862; x_wconf 89' lang='lat' dir='ltr'>einem</span> <span class='ocrx_word' id='word_1_319' title='bbox 741 3806 832 3862; x_wconf 90' lang='lat' dir='ltr'>Briefe</span> <span class='ocrx_word' id='word_1_320' title='bbox 858 3808 907 3862; x_wconf 87' lang='lat' dir='ltr'>des</span> <span class='ocrx_word' id='word_1_321' title='bbox 933 3808 1050 3861; x_wconf 79' lang='lat' dir='ltr'>Plancus</span> <span class='ocrx_word' id='word_1_322' title='bbox 1075 3803 1154 3857; x_wconf 91' lang='lat' dir='ltr'>nicht</span> 
     </span>
     <span class='ocr_line' id='line_1_37' title="bbox 55 3886 1154 3961; baseline -0.009 -12"><span class='ocrx_word' id='word_1_323' title='bbox 55 3898 98 3949; x_wconf 78' lang='lat' dir='ltr'>iar</span> <span class='ocrx_word' id='word_1_324' title='bbox 114 3913 173 3947; x_wconf 82' lang='lat' dir='ltr'>cam</span> <span class='ocrx_word' id='word_1_325' title='bbox 199 3894 296 3960; x_wconf 63' lang='lat' dir='ltr'>lucem,</span> <span class='ocrx_word' id='word_1_326' title='bbox 321 3894 410 3961; x_wconf 76' lang='lat' dir='ltr'>quibua</span> <span class='ocrx_word' id='word_1_327' title='bbox 434 3910 467 3945; x_wconf 77' lang='lat' dir='ltr'>erc</span> <span class='ocrx_word' id='word_1_328' title='bbox 490 3910 531 3945; x_wconf 86' lang='lat' dir='ltr'>cc·</span> <span class='ocrx_word' id='word_1_329' title='bbox 571 3890 713 3957; x_wconf 85' lang='lat' dir='ltr'>auffallen,</span> <span class='ocrx_word' id='word_1_330' title='bbox 737 3893 829 3946; x_wconf 81' lang='lat' dir='ltr'>zumal</span> <span class='ocrx_word' id='word_1_331' title='bbox 855 3893 892 3945; x_wconf 89' lang='lat' dir='ltr'>da</span> <span class='ocrx_word' id='word_1_332' title='bbox 917 3908 943 3944; x_wconf 81' lang='lat' dir='ltr'>ac</span> <span class='ocrx_word' id='word_1_333' title='bbox 971 3886 1154 3957; x_wconf 81' lang='lat' dir='ltr'>nachgestellt</span> 
     </span>
     <span class='ocr_line' id='line_1_38' title="bbox 60 3971 1155 4044; baseline -0.009 -12"><span class='ocrx_word' id='word_1_334' title='bbox 60 3980 245 4032; x_wconf 76' lang='lat' dir='ltr'>denuntiabat:</span> <span class='ocrx_word' id='word_1_335' title='bbox 282 3995 307 4030; x_wconf 80' lang='lat' dir='ltr'>re</span> <span class='ocrx_word' id='word_1_336' title='bbox 330 3994 405 4044; x_wconf 79' lang='lat' dir='ltr'>pocae</span> <span class='ocrx_word' id='word_1_337' title='bbox 432 3994 481 4043; x_wconf 80' lang='lat' dir='ltr'>per</span> <span class='ocrx_word' id='word_1_338' title='bbox 506 3993 532 4029; x_wconf 76' lang='lat' dir='ltr'>aa</span> <span class='ocrx_word' id='word_1_339' title='bbox 573 3978 619 4031; x_wconf 88' lang='lat' dir='ltr'>ist.</span> <span class='ocrx_word' id='word_1_340' title='bbox 636 4004 670 4013; x_wconf 94' lang='lat'>-</span> <span class='ocrx_word' id='word_1_341' title='bbox 686 3993 745 4029; x_wconf 83' lang='lat' dir='ltr'>cum</span> <span class='ocrx_word' id='word_1_342' title='bbox 762 3973 868 4042; x_wconf 63' lang='lat' dir='ltr'>collega]</span> <span class='ocrx_word' id='word_1_343' title='bbox 887 3971 919 4027; x_wconf 90' lang='lat' dir='ltr'>D.</span> <span class='ocrx_word' id='word_1_344' title='bbox 937 3971 1094 4026; x_wconf 80' lang='lat' dir='ltr'>Brutus-</span> <span class='ocrx_word' id='word_1_345' title='bbox 1111 3972 1155 4022; x_wconf 75' lang='grc' dir='ltr'>ιη’-</span> 
     </span>
     <span class='ocr_line' id='line_1_39' title="bbox 55 4053 1158 4128; baseline -0.007 -13"><span class='ocrx_word' id='word_1_346' title='bbox 55 4081 72 4115; x_wconf 79' lang='lat' dir='ltr'>c</span> <span class='ocrx_word' id='word_1_347' title='bbox 88 4063 232 4128; x_wconf 66' lang='grc' dir='ltr'>πορσιὶιιιης</span> <span class='ocrx_word' id='word_1_348' title='bbox 249 4062 347 4112; x_wconf 73' lang='lat' dir='ltr'>interea</span> <span class='ocrx_word' id='word_1_349' title='bbox 373 4060 409 4112; x_wconf 84' lang='lat' dir='ltr'>ud</span> <span class='ocrx_word' id='word_1_350' title='bbox 426 4061 532 4113; x_wconf 74' lang='lat' dir='ltr'>Isaram</span> <span class='ocrx_word' id='word_1_351' title='bbox 573 4061 633 4123; x_wconf 77' lang='lat' dir='ltr'>duo,</span> <span class='ocrx_word' id='word_1_352' title='bbox 647 4077 707 4112; x_wconf 83' lang='lat' dir='ltr'>cum</span> <span class='ocrx_word' id='word_1_353' title='bbox 717 4100 723 4112; x_wconf 94' lang='lat'><em>.</em></span> <span class='ocrx_word' id='word_1_354' title='bbox 734 4099 740 4112; x_wconf 93' lang='lat'>.</span> <span class='ocrx_word' id='word_1_355' title='bbox 751 4057 777 4127; x_wconf 91' lang='grc'><strong>]</strong></span> <span class='ocrx_word' id='word_1_356' title='bbox 789 4060 819 4113; x_wconf 88' lang='lat' dir='ltr'>in</span> <span class='ocrx_word' id='word_1_357' title='bbox 828 4058 889 4112; x_wconf 83' lang='lat' dir='ltr'>drei</span> <span class='ocrx_word' id='word_1_358' title='bbox 902 4056 998 4126; x_wconf 80' lang='lat' dir='ltr'>Tagen</span> <span class='ocrx_word' id='word_1_359' title='bbox 1011 4071 1066 4109; x_wconf 87' lang='lat' dir='ltr'>von</span> <span class='ocrx_word' id='word_1_360' title='bbox 1075 4053 1158 4109; x_wconf 83' lang='lat' dir='ltr'>heuto</span> 
     </span>
     <span class='ocr_line' id='line_1_40' title="bbox 55 4138 1158 4208; baseline -0.008 -10"><span class='ocrx_word' id='word_1_361' title='bbox 55 4164 130 4198; x_wconf 78' lang='lat' dir='ltr'>arem.</span> <span class='ocrx_word' id='word_1_362' title='bbox 146 4173 180 4181; x_wconf 93' lang='lat'><em>-</em></span> <span class='ocrx_word' id='word_1_363' title='bbox 204 4153 291 4197; x_wconf 79' lang='lat' dir='ltr'>castro</span> <span class='ocrx_word' id='word_1_364' title='bbox 308 4143 452 4208; x_wconf 77' lang='lat' dir='ltr'>moverant}</span> <span class='ocrx_word' id='word_1_365' title='bbox 479 4159 533 4195; x_wconf 82' lang='lat' dir='ltr'>nur</span> <span class='ocrx_word' id='word_1_366' title='bbox 576 4158 620 4207; x_wconf 84' lang='lat' dir='ltr'>an,</span> <span class='ocrx_word' id='word_1_367' title='bbox 637 4142 673 4195; x_wconf 81' lang='lat' dir='ltr'>da</span> <span class='ocrx_word' id='word_1_368' title='bbox 690 4142 735 4195; x_wconf 88' lang='lat' dir='ltr'>ioh</span> <span class='ocrx_word' id='word_1_369' title='bbox 752 4141 848 4195; x_wconf 83' lang='lat' dir='ltr'>diesen</span> <span class='ocrx_word' id='word_1_370' title='bbox 865 4139 942 4194; x_wconf 82' lang='lat' dir='ltr'>Brief</span> <span class='ocrx_word' id='word_1_371' title='bbox 952 4138 1089 4204; x_wconf 80' lang='lat' dir='ltr'>schrcibe3</span> <span class='ocrx_word' id='word_1_372' title='bbox 1101 4138 1158 4207; x_wconf 80' lang='lat' dir='ltr'>vgl.</span> 
     </span>
     <span class='ocr_line' id='line_1_41' title="bbox 55 4220 1159 4296; baseline -0.009 -14"><span class='ocrx_word' id='word_1_373' title='bbox 55 4228 164 4283; x_wconf 86' lang='lat' dir='ltr'>utonius</span> <span class='ocrx_word' id='word_1_374' title='bbox 181 4228 219 4281; x_wconf 89' lang='lat' dir='ltr'>ist</span> <span class='ocrx_word' id='word_1_375' title='bbox 248 4226 307 4281; x_wconf 88' lang='lat' dir='ltr'>dies</span> <span class='ocrx_word' id='word_1_376' title='bbox 332 4226 452 4296; x_wconf 82' lang='lat' dir='ltr'>richtig;</span> <span class='ocrx_word' id='word_1_377' title='bbox 482 4226 532 4280; x_wconf 85' lang='lat' dir='ltr'>Le·</span> <span class='ocrx_word' id='word_1_378' title='bbox 575 4240 619 4293; x_wconf 91' lang='lat' dir='ltr'>ep.</span> <span class='ocrx_word' id='word_1_379' title='bbox 636 4226 678 4292; x_wconf 82' lang='lat'>21,</span> <span class='ocrx_word' id='word_1_380' title='bbox 695 4227 730 4279; x_wconf 84' lang='lat'>6:</span> <span class='ocrx_word' id='word_1_381' title='bbox 748 4226 867 4279; x_wconf 78' lang='lat' dir='ltr'>eobiduo.</span> <span class='ocrx_word' id='word_1_382' title='bbox 884 4224 988 4277; x_wconf 86' lang='lat' dir='ltr'>Brutus</span> <span class='ocrx_word' id='word_1_383' title='bbox 1006 4222 1082 4275; x_wconf 83' lang='lat' dir='ltr'>kann</span> <span class='ocrx_word' id='word_1_384' title='bbox 1092 4220 1159 4276; x_wconf 88' lang='lat' dir='ltr'>aber</span> 
     </span>
     <span class='ocr_line' id='line_1_42' title="bbox 55 4305 1160 4375; baseline -0.008 -9"><span class='ocrx_word' id='word_1_385' title='bbox 55 4329 112 4367; x_wconf 83' lang='lat' dir='ltr'>war</span> <span class='ocrx_word' id='word_1_386' title='bbox 129 4312 200 4366; x_wconf 91' lang='lat' dir='ltr'>noch</span> <span class='ocrx_word' id='word_1_387' title='bbox 217 4328 263 4366; x_wconf 88' lang='lat' dir='ltr'>am</span> <span class='ocrx_word' id='word_1_388' title='bbox 281 4313 324 4366; x_wconf 81' lang='lat'>30.</span> <span class='ocrx_word' id='word_1_389' title='bbox 341 4310 386 4364; x_wconf 89' lang='lat' dir='ltr'>boi</span> <span class='ocrx_word' id='word_1_390' title='bbox 399 4310 471 4364; x_wconf 89' lang='lat' dir='ltr'>Pons</span> <span class='ocrx_word' id='word_1_391' title='bbox 483 4312 535 4363; x_wconf 85' lang='lat' dir='ltr'>Ar·</span> <span class='ocrx_word' id='word_1_392' title='bbox 576 4307 734 4363; x_wconf 83' lang='lat' dir='ltr'>friihestens</span> <span class='ocrx_word' id='word_1_393' title='bbox 746 4324 792 4361; x_wconf 84' lang='lat' dir='ltr'>am</span> <span class='ocrx_word' id='word_1_394' title='bbox 805 4310 844 4360; x_wconf 84' lang='lat'>12.</span> <span class='ocrx_word' id='word_1_395' title='bbox 855 4306 872 4362; x_wconf 84' lang='lat' dir='ltr'>J</span> <span class='ocrx_word' id='word_1_396' title='bbox 875 4305 924 4361; x_wconf 90' lang='lat' dir='ltr'>uni</span> <span class='ocrx_word' id='word_1_397' title='bbox 933 4307 1086 4375; x_wconf 77' lang='lat' dir='ltr'>angelangt</span> <span class='ocrx_word' id='word_1_398' title='bbox 1101 4305 1160 4359; x_wconf 87' lang='lat' dir='ltr'>sein</span> 
     </span>
     <span class='ocr_line' id='line_1_43' title="bbox 55 4389 808 4461; baseline -0.009 -9"><span class='ocrx_word' id='word_1_399' title='bbox 55 4414 70 4452; x_wconf 85' lang='lat' dir='ltr'>s</span> <span class='ocrx_word' id='word_1_400' title='bbox 95 4395 233 4451; x_wconf 81' lang='lat' dir='ltr'>nwischen</span> <span class='ocrx_word' id='word_1_401' title='bbox 271 4394 326 4449; x_wconf 74' lang='lat' dir='ltr'>dix</span> <span class='ocrx_word' id='word_1_402' title='bbox 355 4393 412 4447; x_wconf 89' lang='lat' dir='ltr'>und</span> <span class='ocrx_word' id='word_1_403' title='bbox 438 4392 534 4461; x_wconf 77' lang='lat' dir='ltr'>Frejus</span> <span class='ocrx_word' id='word_1_404' title='bbox 576 4390 680 4457; x_wconf 88' lang='lat' dir='ltr'>(Ruete</span> <span class='ocrx_word' id='word_1_405' title='bbox 697 4390 723 4445; x_wconf 85' lang='lat' dir='ltr'>S.</span> <span class='ocrx_word' id='word_1_406' title='bbox 740 4389 808 4459; x_wconf 82' lang='lat'>56).·</span> 
     </span>
    </p>

    <p class='ocr_par' dir='ltr' id='par_1_7' title="bbox 55 4469 1172 4549">
     <span class='ocr_line' id='line_1_44' title="bbox 55 4469 1172 4549; baseline -0.013 -12"><span class='ocrx_word' id='word_1_407' title='bbox 55 4480 82 4549; x_wconf 76' lang='lat' dir='ltr'>I,</span> <span class='ocrx_word' id='word_1_408' title='bbox 99 4482 142 4549; x_wconf 80' lang='lat'>35,</span> <span class='ocrx_word' id='word_1_409' title='bbox 157 4480 193 4549; x_wconf 82' lang='lat'>2).</span> <span class='ocrx_word' id='word_1_410' title='bbox 610 4476 635 4529; x_wconf 65' lang='lat'>4„</span> <span class='ocrx_word' id='word_1_411' title='bbox 653 4475 803 4529; x_wconf 66' lang='lat' dir='ltr'>Lotaecaia</span> <span class='ocrx_word' id='word_1_412' title='bbox 818 4469 918 4541; x_wconf 57' lang='lat' dir='ltr'>marii</span> <span class='ocrx_word' id='word_1_413' title='bbox 930 4488 955 4527; x_wconf 85' lang='grc' dir='ltr'>ιι.</span> <span class='ocrx_word' id='word_1_414' title='bbox 970 4473 1172 4539; x_wconf 50' lang='grc' dir='ltr'>ιιιηὰιίξὲ.</span> 
     </span>
    </p>
   </div>
   <div class='ocr_carea' id='block_1_5' title="bbox 0 0 1308 4890">
    <p class='ocr_par' dir='ltr' id='par_1_8' title="bbox 0 0 1308 4890">
     <span class='ocr_line' id='line_1_45' title="bbox 0 0 1308 4890; baseline 0 0"><span class='ocrx_word' id='word_1_415' title='bbox 0 0 1308 4890; x_wconf 95' lang='lat' dir='ltr'> </span> 
     </span>
    </p>
   </div>
  </div>
 </body>
</html>
