2602 4890
85 162 187 255 9⁶2¹
541 160 908 258 Mmuaa'

60 360 85 411 4
169 354 217 420 De
237 353 344 420 Statio
366 375 464 420 manu
485 356 582 420 misso
609 361 643 419 et
665 375 729 419 non
751 354 849 420 nullis
870 356 942 420 aliis
963 356 1060 421 rebus
1082 377 1144 440 ang

86 458 168 534 dern,
207 455 261 520 sed
300 455 364 519 iarn
403 475 534 537 prorsus
565 455 711 520 occallui.
760 454 809 518 Tu
840 455 952 521 vellem
983 477 1042 539 ego
1075 456 1127 520 vel

86 557 232 623 adesses:
261 575 319 619 neo
339 554 418 619 mihi
441 554 609 619 eonsilium
640 575 697 620 nec
730 556 907 622 consolatio
934 557 1075 636 deesset3
1109 578 1144 622 se

87 678 175 739 para,
198 664 243 737 ut,
269 658 296 721 si
318 657 503 736 inclamaro,
527 656 663 723 advoles.

507 904 875 990 nmmum

335 1071 391 1126 Sor.
409 1072 513 1127 Roman
530 1090 624 1128 mense
641 1073 759 1140 Quintili
777 1076 810 1127 A.
827 1073 860 1128 U.
879 1073 906 1128 C.
923 1076 973 1130 695
991 1073 1053 1143 (59).

471 1204 627 1271 CICERO
649 1205 803 1271 ATTICO
825 1205 911 1272 SAL.

63 1387 83 1437 ‘1
171 1371 276 1437 Multa
298 1393 348 1436 me
370 1370 546 1436 sollicitant
568 1379 599 1436 et
622 1392 660 1436 ex
681 1372 894 1456 reipublicae
915 1378 1009 1438 tanto
1032 1379 1125 1439 motu

87 1472 247 1554 periculis,
269 1493 353 1555 quae
375 1470 455 1535 mihi
477 1471 539 1556 ipsi
561 1471 785 1552 intenduntur,
808 1479 840 1538 et
858 1480 1004 1539 sescenta
1021 1479 1118 1554 sunt3
1142 1500 1144 1537 r

86 1573 168 1637 nihil
190 1580 238 1638 est
259 1574 427 1639 molestius
450 1594 549 1657 quam
571 1572 711 1638 Statium
734 1594 833 1663 manu
853 1574 1004 1639 missum:

86 1706 152 1772 Nec
173 1728 279 1772 meum
305 1707 486 1790 imperium,
508 1743 551 1755 —
573 1728 610 1772 ac
632 1710 728 1772 mitto
750 1693 921 1793 imperium
942 1746 984 1756 -
1007 1712 1070 1774 udo
1094 1711 1144 1773 sin

646 1830 748 1874 meam

87 1908 235 1973 Revereri
254 1908 389 1973 saltem!

86 2043 154 2107 Neo
175 2044 253 2127 quid
272 2043 389 2107 faciam
407 2042 481 2122 scio,
499 2063 603 2125 neque
622 2046 751 2106 tantum
769 2047 817 2107 est
834 2043 864 2106 in
888 2063 932 2121 re,
952 2047 1095 2126 quantus
1114 2063 1144 2108 es

83 2164 147 2226 ego
171 2150 281 2209 autern
303 2165 343 2208 ne
361 2144 456 2208 irasci
478 2164 607 2225 possum
626 2142 755 2226 quidem
772 2144 821 2224 iis,
844 2164 925 2226 quos
943 2143 1034 2208 valde
1052 2164 1144 2209 amo:

88 2244 193 2323 dolen,
217 2265 254 2308 ao
276 2244 407 2309 mirifice
429 2243 566 2327 quidem.
610 2242 733 2308 Contra
762 2251 810 2308 est
841 2244 874 2307 in
896 2244 1021 2326 magnis
1042 2244 1143 2308 rebus

83 2344 195 2409 Clodii
224 2345 526 2427 contentionesque,
565 2363 644 2428 quoe
682 2344 760 2407 mihi
799 2349 1043 2428 proponuntur,
1084 2365 1144 2409 mo«

81 2682 242 2736 ‘Charakter
260 2682 317 2735 und
334 2681 439 2734 konnte
458 2681 536 2733 nicht
555 2680 669 2749 belangt
711 2698 777 2732 cam.
807 2709 837 2717 —
864 2682 887 2732 oi
920 2677 1075 2746 inclamaro]
1107 2682 1144 2733 ‘at

87 2766 196 2819 werden
216 2766 273 2819 und
292 2765 362 2818 nach
381 2765 472 2819 einern
489 2765 591 2818 kurzen
603 2763 669 2816 Aul·
712 2767 806 2817 ersten
825 2763 906 2816 Ruf’:
924 2762 994 2831 N'a‘g.
1012 2761 1052 2816 St.
1070 2765 1103 2817 37
1115 2780 1139 2816 c.

88 2851 198 2903 enthalt
216 2851 244 2902 in
263 2850 373 2903 Gallieu
395 2849 448 2901 mit
466 2847 668 2914 Baibehaltung

83 2933 133 2987 des
168 2933 369 3002 Legatentitels
403 2931 504 2984 wieder
537 2931 566 2983 in
598 2930 668 2984 Rom
745 2929 794 2982 IX.
812 2933 835 2982 l.
862 2940 884 2982 et
910 2928 1034 2997 sescenta]
1062 2940 1086 2982 et
1114 2933 1144 2984 ni

86 3017 154 3069 sein.
172 3044 206 3053 —
222 3037 240 3069 o
256 3021 297 3083 fr.
324 3018 383 3068 odo.
409 3034 448 3068 rae
471 3011 578 3082 adloqut]
598 3014 667 3082 geht
713 3013 840 3080 phatirch
859 3013 909 3067 dus
927 3017 1010 3066 multo
1028 3033 1067 3067 me
1084 3017 1144 3067 ooll'

85 3100 138 3152 auf
153 3100 197 3152 die
215 3099 435 3154 bevorstehende
453 3098 603 3173 Riiokkehr
621 3097 668 3150 des
713 3096 763 3149 der
772 3097 835 3148 auf:
852 3096 918 3149 ‘und
927 3097 957 3149 in
966 3097 1015 3149 dor
1025 3096 1118 3152 That’.
1130 3131 1144 3138 -

82 3182 208 3248 Quintus
243 3200 292 3235 aus
322 3184 422 3248 Asien3
456 3185 556 3249 ableyat
591 3179 668 3233 nicht
713 3198 733 3234 s.
751 3198 794 3247 ep.
812 3183 837 3248 8,
854 3183 879 3234 4.
905 3208 939 3218 —
964 3199 1010 3233 aar
1035 3200 1121 3234 meum

87 3265 158 3317 ohne
171 3265 288 3319 Absioht
306 3267 377 3319 nach
387 3269 478 3334 leontio
489 3265 547 3318 und
561 3268 668 3331 loqutus.
712 3263 810 3318 Worte
836 3263 945 3330 sprioht
971 3264 1016 3317 bei
1034 3263 1140 3318 Terens

88 3375 121 3384 -
146 3367 226 3416 nque
250 3359 337 3402 tamen
363 3352 408 3402 soit
437 3346 581 3417 quisquam]
612 3364 667 3400 was
712 3349 747 3411 ΙΙ,
767 3353 789 3415 1,
806 3347 849 3401 af.
862 3346 992 3412 :232f.)
1011 3347 1061 3400 der
1079 3349 1136 3402 alte

87 3433 132 3485 ich
150 3431 221 3484 than
239 3433 346 3486 werde:
365 3433 410 3484 die
429 3433 595 3500 vorsiohtige
611 3430 669 3483 und
712 3433 752 3485 als
771 3448 801 3484 er
818 3430 936 3495 erfdhrt‚
963 3431 1026 3485 dass
1054 3433 1144 3485 seint

87 3516 132 3568 liin
150 3515 243 3568 Cicero
270 3516 334 3568 sehr
360 3516 564 3570 bezeichnende
586 3515 668 3567 Wen·
712 3516 787 3569 seina
805 3514 969 3568 Erlaubniss
986 3515 1144 3585 geheiratet

84 3600 164 3668 dung
182 3600 263 3667 (ganz
281 3601 332 3651 wie
356 3616 399 3665 ep.
417 3600 441 3663 9,
458 3598 494 3666 5),
512 3599 602 3652 damit
620 3598 668 3650 ihn
712 3621 745 3643 =
763 3602 856 3652 omitto.
886 3627 919 3636 —
944 3609 1035 3652 contro
1053 3596 1100 3666 est]
1125 3599 1144 3652 V

88 3683 198 3735 Atticus
217 3682 295 3734 nicht
314 3683 390 3735 beirn
408 3681 490 3734 Wort
507 3683 618 3735 nimmt.
712 3700 766 3736 von
783 3682 889 3750 Kayser
906 3682 951 3736 fiir
976 3692 1079 3750 eetero3
1108 3702 1145 3752 vg

120 3769 144 3819 4.
166 3768 205 3818 De
231 3767 313 3818 Statio
335 3785 418 3817 mareu
444 3765 526 3834 mirso]
549 3765 668 3832 Quintus
711 3767 759 3818 84:
777 3768 806 3819 in
817 3768 929 3818 nutritio
937 3775 1027 3818 curura
1035 3765 1144 3820 ert—d

87 3849 166 3901 hatto
180 3849 669 3914 seinemSklavenStatius(Boissier
712 3849 829 3918 Hesyoh.
846 3851 888 3916 94,
907 3852 938 3902 10
956 3848 1064 3902 Sohm.:
1087 3871 1144 3919 παρ

85 3935 137 3986 253
154 3934 183 4000 f.)
201 3951 290 4002 gegen
310 3933 474 3986 denWillen
492 3935 580 3986 seines
599 3933 667 3985 Bru·
713 3937 764 3987 τῶν
792 3936 992 4002 πληρωθέντων
1018 3935 1130 4002 φαύλου

86 4017 150 4071 ders
169 4017 213 4070 die
231 4016 354 4071 Freiheit
375 4016 528 4086 geschenkt
546 4016 603 4068 und
621 4016 668 4069 da·
711 4017 922 4072 ἐπιποθούντων
944 4021 996 4072 τῶν
1021 4016 1138 4086 ἡμέρων,

88 4101 140 4152 mit
166 4101 211 4153 die
247 4101 379 4170 lleinung
410 4101 458 4154 der
484 4100 572 4153 Lente
598 4101 667 4153 noch
712 4099 796 4153 οἴνου.
831 4102 997 4157 Prona-dium
1024 4110 1058 4154 est
1083 4097 1144 4162 ἅλις

89 4184 168 4235 mehr
187 4185 323 4250 bestiirkt,
342 4185 405 4237 dass
423 4200 454 4237 er
462 4183 621 4237 demselben
635 4201 667 4236 zu
707 4184 801 4250 prioris
826 4184 878 4234 illis
900 4186 1008 4250 olandea
1032 4188 1144 4252 neqleqer

89 4285 203 4335 grossen
215 4267 336 4322 Einflnss
347 4266 667 4335 sufseineHandlungen
711 4270 827 4320 inventas
839 4270 942 4335 freyen,
960 4286 1019 4320 oum
1036 4270 1099 4320 satis
1115 4271 1143 4321 di

86 4351 237 4405 einriiume.
257 4354 393 4404 -vellem
419 4371 461 4420 eqo
483 4355 521 4405 vel
539 4349 668 4419 euperem]
711 4353 809 4418 petiisse
827 4369 844 4401 a
861 4353 1000 4419 quercuum
1009 4352 1144 4418 dicerent(

88 4433 149 4503 Vgl.
167 4437 227 4488 Att.
246 4435 280 4502 X,
299 4437 338 4499 16,
352 4440 381 4488 l:
399 4454 441 4503 eqo
455 4439 566 4488 uolebam
583 4445 669 4488 autem
711 4465 743 4475 -
754 4437 776 4486 si
793 4453 832 4488 me
849 4433 931 4503 aman]
949 4436 1002 4488 wia
1018 4437 1110 4489 amodo
1126 4435 1144 4502 (t

79 4520 144 4571 nel
156 4521 292 4588 cupiebam
303 4521 434 4588 potiar
450 4537 501 4575 esse
517 4538 574 4573 eam
591 4521 670 4573 raou-
711 4518 794 4572 Form
812 4519 861 4572 der
875 4517 1143 4591 [tuigingen-aene,
