2602 4890
419 201 465 256 Ad
481 201 547 256 inm.
563 200 612 270 IX,
630 203 669 256 16.
1069 203 1131 269 325

55 368 99 435 cd
130 368 240 434 omnis
269 372 346 432 sunt
377 367 511 447 incenis,
542 387 616 432 cum
644 388 665 432 s
694 366 764 433 iure
789 367 961 433 discessum
984 373 1041 449 est,
1073 387 1134 434 nee

54 470 84 532 ri
106 470 280 552 quicquam
301 473 418 551 potest,
450 467 546 550 quale
567 468 714 533 futurum
735 467 787 546 sit,
809 469 899 552 quod
919 469 1062 553 positum
1085 473 1133 533 est

55 569 123 635 rius
153 568 329 645 voluntate,
359 587 400 631 ne
431 566 536 632 dicam
557 566 711 646 libidine;
733 566 790 631 sed
810 572 921 632 temen
942 567 1011 634 eius
1032 568 1133 653 ipsius

55 690 79 734 re
111 692 131 735 a
157 688 207 734 me
230 667 369 733 offensus
392 672 442 732 est
464 668 607 746 animum
640 671 690 732 est
710 666 794 732 enim
818 666 964 732 adhibito
985 668 1019 732 in
1040 689 1078 734 ea
1098 690 1134 735 re

55 789 153 833 [mma
181 788 201 832 s
230 766 326 832 nobis
356 766 555 832 moderatio:
588 770 628 831 ut
649 767 735 831 enim
758 767 835 832 olim
856 768 1044 833 arbitrabar
1066 789 1134 834 esse

57 869 158 934 iibere
179 868 280 952 loqui,
313 869 404 933 ouius
426 888 524 951 opera
545 873 628 933 esset
649 867 684 932 in
706 868 836 933 civitate
858 867 1000 947 libertas,
1029 869 1075 934 sic
1096 891 1135 935 es

55 971 151 1035 misso
171 969 254 1033 nihil
275 968 375 1052 loqui,
397 968 484 1052 quod
506 968 649 1034 offendet
670 974 728 1033 eut
749 968 837 1034 iliius
857 974 1053 1049 unisonum,
1077 970 1135 1052 qui

70 1070 262 1153 diliguntur,
284 1070 505 1149 voluntatem
528 1069 669 1152 effugere
689 1075 799 1134 sutem
820 1071 847 1134 si
868 1070 963 1133 velim
980 1089 1045 1135 non
1062 1070 1134 1134 nul-

61 1178 155 1237 acute
178 1176 236 1236 ont
258 1172 361 1236 isoete
383 1171 543 1237 diciorum
567 1173 711 1259 fumum,
733 1171 821 1237 fame
842 1171 963 1253 ingenii
985 1170 1064 1234 mihi
1086 1177 1135 1237 est
1207 1212 1210 1217 -

55 1273 106 1352 da,
129 1273 223 1356 quod,
244 1272 273 1337 si
293 1293 427 1356 possem,
449 1292 514 1337 non
535 1293 725 1340 recusarem.
760 1272 821 1338 Sed
843 1278 951 1338 temen
971 1273 1039 1357 ipse
1057 1271 1134 1338 an-
1160 1275 1177 1327 4

57 1372 114 1436 bet
144 1392 276 1455 peracre
305 1371 469 1450 iudicium,
499 1376 540 1452 ei,
571 1376 609 1436 ut
631 1371 769 1451 Servius,
799 1372 1009 1450 inmortuus,
1039 1392 1135 1455 quem

56 1472 202 1536 issimum
231 1473 328 1537 fuisse
360 1471 478 1551 iudico,
510 1471 606 1536 facile
627 1472 768 1539 dicessit
803 1472 874 1536 >hic
895 1491 1005 1537 versus
1027 1471 1136 1537 Plauti

55 1595 72 1650 2,
104 1573 156 1637 hic
178 1578 258 1653 esis,
288 1573 376 1656 quod
398 1573 494 1638 trites
517 1593 612 1637 aures
632 1572 767 1638 haberet
789 1574 940 1638 notandis
962 1573 1135 1657 generibus

55 1694 98 1736 rm
121 1680 152 1739 ei
175 1674 407 1738 consuetudine
427 1672 562 1756 legendi,
584 1672 630 1738 sic
651 1673 750 1738 sudio
768 1673 936 1740 Gaesarem
954 1694 1027 1739 cum
1045 1673 1135 1739 volu-

56 1795 110 1837 am
132 1772 305 1839 confecerit
335 1774 619 1864 duossisynoicur,
652 1773 789 1857 siquod
811 1774 978 1839 adferatur
999 1773 1040 1838 sd
1063 1793 1137 1838 eum

55 1896 90 1951 ιο,
110 1874 197 1957 quod
214 1894 321 1939 meum
338 1895 403 1938 non
421 1874 472 1954 sit,
490 1875 610 1938 reicere
627 1874 746 1954 solere3
769 1875 855 1957 qnod
873 1895 910 1940 eo
928 1895 1014 1939 nunc
1031 1874 1136 1957 magis

55 1973 128 2057 luia
149 1975 262 2039 vivunt
283 1994 407 2039 mecum
428 1974 496 2038 fere
518 1972 636 2038 cotidie
656 1973 744 2038 illius
766 1972 960 2053 familiarem
990 1972 1137 2038 incidunt

58 2079 93 2140 in
114 2095 259 2141 sermone
281 2077 371 2141 varic
393 2074 506 2154 mulis,
528 2094 612 2157 quae
633 2074 772 2140 fortasse
794 2073 867 2154 illis,
890 2093 964 2138 cum
981 2072 1056 2152 dixi,
1079 2092 1137 2138 nec

55 2173 556 2251 ianecinsuissessevideantur;
579 2174 890 2240 haeosdillumcum
910 2173 1134 2257 reliquissctis

55 2411 236 2481 emorroides
255 2413 374 2480 sp.52,3.
387 2439 419 2448 -
436 2428 513 2478 prae-
554 2411 670 2480 sigenen
705 2411 763 2466 und
796 2412 923 2467 frsmden
949 2411 1133 2466 Wiizwortsn

55 2516 81 2549 in
92 2496 167 2549 kann
177 2496 222 2548 fiir
234 2496 324 2549 nichis
335 2493 511 2549 einsiehn.-
554 2494 611 2549 und
629 2494 803 2550 sinnreichen
821 2494 964 2564 Spriichen
981 2493 1070 2562 (dictu)
1089 2493 1135 2548 be·

55 2581 100 2649 era]
113 2579 512 2643 dessenwerkesisudass...
553 2593 682 2646 gonnen3
707 2577 811 2634 Sueten
837 2580 896 2633 ciis.
922 2581 971 2633 56:
998 2580 1134 2632 Feruntur

110 2683 163 2715 nou
176 2661 330 2731 recusarem]
341 2665 409 2732 quod
422 2661 514 2731 (Rels·
554 2671 578 2714 et
594 2681 612 2713 u
625 2680 708 2729 puero
725 2672 749 2716 et
764 2665 796 2715 ab
807 2665 998 2716 adulescentulo
1006 2663 1134 2730 quaedam

55 2746 171 2799 n's'mlich
183 2748 513 2814 fumuminqeuiiodicere.
553 2747 658 2813 scripta,
675 2755 704 2798 ur
721 2748 827 2800 Laudes
848 2748 977 2811 Hermdis,
1004 2746 1135 2811 traqoedia

55 2833 115 2895 nius,
128 2833 219 2897 frater
236 2830 305 2899 tuum]
316 2830 372 2883 Ser.
382 2829 512 2883 claudius
556 2831 679 2897 Oedipus,
696 2831 754 2882 item
772 2832 868 2882 Dicte
885 2832 1134 2882 collectores:

55 2914 132 2981 )sus
153 2915 215 2968 dem
235 2914 428 2968 Ritterstsnde
455 2914 512 2967 und
553 2932 614 2982 quos
630 2916 712 2966 ommis
728 2916 823 2968 libellos
843 2917 921 2967 uetuit
938 2914 1070 2981 Aequum
1082 2931 1134 2980 pu-

55 2997 153 3051 ersohn
172 2998 220 3052 des
244 3001 338 3052 ersten
356 2996 512 3051 riimischsn
553 3000 645 3051 biiccri
662 2999 690 3050 iu
707 3000 829 3065 epistula,
848 3016 927 3066 quum
941 2998 1038 3049 irenem
1049 2996 1135 3048 adm

57 3098 92 3134 en
110 3082 142 3135 L.
154 3072 233 3135 dlius
246 3081 317 3134 Stilo
335 3079 459 3147 (Sueten.
479 3080 513 3133 de
554 3083 617 3134 dum
643 3101 674 3134 ac
699 3083 839 3149 simplicem
855 3082 892 3133 ud
907 3080 1059 3146 Pompeium
1077 3082 1135 3131 Ma·

55 3165 120 3218 ¹tisis
147 3168 171 3219 2.
198 3164 234 3231 3),
260 3181 318 3218 wsr
344 3163 514 3218 Pisuinsfor·
554 3184 637 3231 crum,
653 3167 697 3218 cui
714 3166 877 3217 ordiuuudus
893 3164 1053 3217 bibliothecas
1070 3164 1136 3216 dei-

55 3249 84 3302 1d
95 3249 237 3303 Verissser
254 3264 308 3302 von
319 3248 425 3301 Indices
435 3247 513 3313 plun-
551 3258 666 3316 qureret,
684 3250 759 3301 misit.
777 3278 809 3286 —
831 3249 900 3315 quod
917 3264 1001 3300 meum
1018 3266 1072 3299 uon
1094 3246 1135 3313 sit]

55 3333 192 3387 rStiicke.
226 3333 266 3386 Er
292 3348 367 3385 muss
389 3335 462 3384 eiws
479 3332 513 3384 60
554 3333 638 3387 sehon
647 3332 677 3386 in
687 3331 814 3385 friiherer
825 3330 889 3384 Zeii
905 3335 969 3400 ssgt
978 3331 1071 3384 Cicero
1084 3347 1136 3398 pro

55 3434 77 3468 sn
96 3418 155 3470 sein
174 3416 271 3483 (daher
300 3417 393 3469 diceret
412 3430 512 3482 „ssgen
554 3417 666 3471 Plancio
684 3418 726 3482 35,
743 3415 806 3469 dass
830 3413 874 3468 dis
891 3414 981 3468 Lente
1005 3414 1137 3482 gewohni

64 3541 70 3567 ‚
105 3501 178 3553 denn
224 3501 252 3553 in
287 3500 392 3553 diesem
426 3496 513 3550 Jahre
554 3501 638 3568 seien,
653 3499 738 3568 jedsn
756 3498 887 3568 witzigen
905 3499 962 3552 und
972 3499 1137 3553 satirischsn

55 3603 63 3638 e
90 3584 148 3636 sein
168 3583 266 3638 Veiter
291 3581 399 3652 (frater)
427 3581 513 3634 P'dtus
555 3584 660 3638 Einfsll
670 3584 729 3637 ihm
739 3582 968 3639 znzuschreiben:
986 3585 1054 3651 quod
1070 3585 1136 3651 quis·

65 3667 175 3721 Servius
194 3668 394 3722 hinierlssssne
412 3664 513 3719 Biblio·
554 3687 602 3737 que
618 3671 691 3735 dicit,
725 3687 765 3723 me
783 3670 812 3722 id
828 3670 923 3721 dimisse
948 3670 1053 3732 dicunt,
1081 3666 1137 3718 und

55 3768 78 3802 m
97 3752 190 3804 Cicero
208 3751 279 3817 (Asc.
298 3752 320 3816 1,
336 3753 377 3817 20,
394 3754 419 3804 7.
436 3749 471 3813 Π,
490 3752 513 3815 1,
555 3752 695 3807 nsohher:
712 3755 861 3819 stomachor,
878 3770 936 3803 cum
954 3754 1069 3803 aliorum
1085 3768 1137 3801 rwu

71 3837 196 3888 uotamdis
220 3834 363 3904 qeuere‘bus]
389 3834 512 3900 Ablatis,
555 3855 594 3889 me
611 3839 691 3905 diymu
707 3839 736 3890 im
752 3855 792 3890 rue
812 3838 991 3903 conferuntur.
1027 3831 1137 3885 Ebenso

55 3920 104 3972 ieri
121 3918 184 3971 dem
202 3921 381 3971 cousuetudine
406 3919 512 3984 leyeudi.
555 3923 665 3974 iusseri
675 3937 705 3974 er
723 3921 780 3976 sich
798 3919 933 3986 fsm.Vii,
951 3920 992 3983 32,
1011 3920 1071 3969 lan
1086 3914 1138 3968 Vo-

55 4002 209 4056 ielesenheit
218 4002 276 4055 und
286 4002 376 4055 seiner
385 4018 512 4070 geunnen
555 4004 687 4057 lumnius:
712 4007 760 4057 Ais
777 4007 851 4070 euim,
870 4013 900 4057 ut
918 4020 960 4069 syo
982 4002 1138 4054 discesserim

55 4092 132 4154 dung
144 4085 221 4154 jedes
231 4084 372 4139 einzelnen
384 4085 512 4140 Dichters
555 4087 638 4152 (nach
656 4087 799 4155 Kilikisn),
820 4089 907 4139 omniu
933 4088 1045 4137 omnium
1070 4086 1139 4136 dictu

56 4175 85 4222 te
111 4186 141 4222 er
168 4169 217 4223 das
244 4169 317 4223 feine
342 4168 401 4223 Ohr
428 4167 513 4237 (tritas
556 4173 635 4224 ...iu
643 4190 683 4224 me
692 4173 815 4239 conferri.
840 4169 929 4234 Quid?
946 4179 973 4220 tu
982 4170 1011 4221 id
1016 4170 1139 4236 pateris?

56 4251 99 4304 Zu
116 4255 237 4306 notandis
251 4255 384 4320 qemeribus
402 4252 512 4322 egidio
554 4273 606 4308 usu
623 4274 663 4309 me
671 4257 810 4324 defendis?
826 4272 878 4306 uon
887 4254 1005 4306 resistis?
1023 4254 1139 4320 equidem

55 4335 469 4405 itierieStellefam.V11‚32,
489 4342 511 4391 l.
554 4342 688 4408 sperabam
713 4342 750 4392 itu
765 4348 856 4391 motato
881 4355 920 4390 me
945 4339 1075 4404 reliquisse
1100 4356 1139 4404 qe-

55 4418 224 4487 ideyua'ruu]
238 4420 322 4474 Oiisar
339 4421 513 4475 hetteschon
554 4443 620 4478 uera
636 4426 763 4478 dictorum
782 4440 902 4487 meorum,
919 4431 948 4473 ur
965 4422 1140 4487 coqueseisrm

56 4503 190 4571 rJngend
207 4503 440 4574 eineSsmmlung
458 4521 512 4558 von
553 4518 642 4576 sporus
664 4517 776 4576 immi·
792 4534 826 4544 ““
852 4524 912 4561 “um
936 4507 1045 4573 *W*
1205 4524 1281 4620 ΕΝ
