2602 4890
200 228 239 288 66
695 226 739 279 Ad
755 225 821 278 fam.
839 225 869 292 V,
888 229 911 281 5.

156 398 172 448 2
282 391 351 473 Ego
373 392 400 455 si
422 391 480 454 abs
502 396 535 454 te
556 411 682 454 summa
705 390 810 455 officia
828 390 1012 470 desiderem,
1032 392 1149 456 mirum
1166 393 1286 457 nemini

198 492 323 557 debeat.
367 490 483 555 Omnia
504 491 589 555 enim
611 513 631 554 a
654 512 703 554 me
733 493 766 555 in
796 496 829 555 te
850 491 997 574 profecta
1018 499 1104 570 sunt,
1132 513 1216 575 quae
1244 493 1285 556 ad

199 591 410 667 commodum,
431 613 515 675 quae
538 593 579 657 ad
606 593 771 672 honorem,
802 614 886 678 quae
909 593 951 658 ad
972 594 1162 675 dignitatem
1185 594 1292 677 pertin

198 712 257 774 pro
288 691 326 755 iis
357 691 452 754 rebus
482 691 606 755 nullam
639 692 717 755 mihi
748 692 807 757 abs
839 698 871 756 te
894 694 1032 757 relatam
1054 713 1121 758 esse
1143 695 1286 775 gratiam

198 793 337 874 optimus
359 790 459 870 testis,
491 797 605 855 contra
637 793 734 855 etiam
765 811 832 856 esse
859 790 983 874 aliquid
1014 790 1071 856 abs
1101 797 1134 855 te
1160 791 1293 875 profecti

198 892 308 956 multis
330 890 447 956 audivi.
490 889 572 955 Nam
597 890 826 973 ›comperisse‹
851 910 900 953 me
918 911 983 955 non
1002 890 1106 955 audeo
1124 890 1240 971 dicere,
1260 912 1293 955 ne

198 990 232 1054 id
254 992 358 1074 ipsum
379 991 513 1056 verbum
534 1011 662 1073 ponam,
693 990 780 1074 quod
811 989 869 1054 abs
900 995 932 1055 te
953 990 1046 1054 aiunt
1067 989 1149 1056 falso
1171 992 1205 1055 in
1228 1012 1280 1055 me

199 1092 343 1157 conferri.
378 1091 436 1156 Sed
460 1112 507 1171 ea,
531 1111 614 1173 quae
636 1091 678 1154 ad
700 1112 750 1154 me
772 1091 881 1156 delata
902 1096 986 1171 sunt,
1006 1093 1143 1156 malote
1161 1113 1200 1156 ex
1219 1092 1293 1157 Pom

200 1192 251 1254 oui
273 1213 337 1257 non
359 1193 464 1254 minus
487 1193 624 1255 molesta
641 1192 781 1270 fuerunt,
800 1212 897 1276 quam
917 1213 956 1255 ex
974 1195 1052 1256 meis
1069 1192 1188 1256 litteris
1205 1214 1293 1273 cogn*

201 1291 292 1356 Meus
313 1293 347 1354 in
369 1298 401 1355 te
423 1292 550 1355 animus
572 1314 670 1376 quam
702 1292 858 1374 singulari
888 1291 993 1357 officio
1024 1293 1141 1370 fuerit,
1166 1298 1197 1357 et
1221 1314 1293 1357 sena

200 1392 339 1474 populus
360 1391 524 1456 Romanus
542 1396 632 1457 tostis
649 1397 715 1457 est:
738 1399 775 1456 tu
793 1413 891 1475 quam
911 1398 1026 1474 gratus
1044 1413 1122 1475 erga
1141 1414 1192 1456 me
1209 1393 1293 1456 fueri

158 1496 175 1547 3
201 1491 383 1555 existimare
405 1499 516 1574 potes3
539 1501 698 1575 quantum
720 1491 799 1556 mihi
821 1492 947 1569 debeas,
979 1492 1077 1556 ceteri
1100 1491 1293 1557 existimant.

200 1611 284 1672 quae
307 1599 366 1654 tua
387 1613 485 1656 eausa
515 1599 612 1657 antea
641 1594 711 1672 feei,
743 1592 910 1656 voluntate
940 1611 1012 1654 sum
1041 1590 1200 1655 adductus
1231 1612 1293 1673 pos⁴

201 1691 403 1773 constantia;
426 1691 481 1754 sed
503 1692 638 1774 reliqua,
662 1691 742 1755 mihi
765 1691 867 1770 erede,
892 1692 994 1754 multo
1018 1690 1121 1754 maius
1140 1711 1246 1754 meum
1264 1697 1293 1754 st

202 1789 422 1873 maioremque
443 1791 636 1873 gravitatem
658 1798 691 1855 et
712 1791 860 1856 laborem
882 1789 1075 1856 desiderant.
1111 1789 1199 1866 Quae
1221 1811 1281 1872 ego

201 1889 395 1971 profundere
418 1910 456 1954 ao
477 1889 610 1972 perdere
636 1890 779 1968 videbor,
812 1888 961 1954 omnibus
984 1891 1060 1952 meis
1082 1888 1204 1954 viribus
1226 1896 1293 1954 sust

201 1990 251 2053 sin
282 1996 388 2053 autem
421 1992 553 2072 ingrata
584 2011 651 2055 esse
682 1990 826 2068 sentiam,
857 2010 921 2053 non
957 1989 1165 2070 committam,
1199 1995 1237 2054 ut
1258 1990 1293 2054 til

201 2089 342 2154 insanire
363 2090 481 2157 videar.
524 2091 574 2155 Ea
604 2112 688 2173 quae
718 2091 783 2155 sint
814 2095 848 2154 et
874 2089 1083 2169 cuiusmodi,
1106 2093 1292 2172 poterisex

203 2191 300 2273 ponio
322 2210 520 2271 eognoseere.
564 2192 670 2273 Atque
692 2191 797 2272 ipsum
820 2189 881 2254 tibi
904 2188 1115 2271 Pomponium
1140 2190 1186 2255 ita
1209 2211 1293 2255 eomr

203 2295 250 2368 ut,
263 2310 459 2373 quamquam
470 2291 571 2373 ipsius
588 2310 687 2355 causa
705 2289 832 2354 confido
850 2296 882 2353 te
900 2290 1064 2353 facturum
1083 2310 1150 2354 esse
1164 2293 1281 2372 omnia,

205 2391 264 2456 abs
286 2396 317 2455 te
340 2391 399 2456 hoo
420 2397 539 2474 petam,
563 2398 609 2471 ut,
631 2391 658 2454 si
680 2389 759 2474 quid
780 2393 813 2454 in
844 2396 877 2454 te
899 2389 1017 2455 residet
1049 2391 1168 2455 amoris
1191 2413 1271 2473 erga
1291 2416 1293 2455 3

205 2511 298 2556 omne
309 2490 343 2554 in
362 2490 531 2574 Pomponii
548 2492 679 2574 negotio
699 2491 867 2555 ostendas:
886 2489 946 2555 hoo
963 2489 1043 2554 mihi
1060 2490 1142 2555 nihil
1160 2493 1286 2574 gratius

205 2601 306 2676 potes.

204 2765 439 2773 ---—-—..--—

206 2861 283 2915 nieht
302 2862 351 2914 der
369 2860 528 2928 Superlativ
546 2863 661 2928 gesetzt.
688 2858 730 2911 Zu
747 2877 789 2910 ca·
831 2857 1293 2926 Vgl.Att.1,14‚5:(eueimmr

205 2947 284 3012 piolus
302 2945 368 3011 (vell
387 2944 523 2999 interesse
549 2944 594 2997 fer
613 2943 653 3008 -)
672 2943 727 3011 vgl.
745 2959 789 3010 ep.
831 2943 1054 3008 comperisse
1075 2945 1197 2993 omnia
1214 2946 1293 2995 admit

207 3031 248 3094 26,
265 3031 289 3083 2.
308 3056 342 3065 -
360 3030 421 3080 satie
441 3025 546 3095 faeere]
573 3025 643 3080 eben
673 3025 735 3079 weil
759 3042 789 3078 er
831 3052 865 3061 -—
881 3042 953 3076 arear
969 3027 998 3076 io
1015 3035 1038 3077 te
1055 3024 1167 3093 animm]
1185 3044 1219 3079 zu
1237 3029 1261 3090 3,
1269 3029 1293 3079 3.

208 3112 300 3165 meine
319 3111 405 3164 Saohe
423 3111 468 3163 fiir
485 3110 531 3163 die
549 3109 654 3177 seinige
671 3107 789 3161 ansieht.
830 3107 945 3176 stimant]
963 3108 1002 3161 ist
1022 3109 1088 3161 weit
1116 3108 1238 3163 bitterer
1264 3110 1293 3162 nl

241 3200 264 3250 2.
285 3194 454 3263 commodam]
473 3196 517 3249 die
532 3182 722 3262 llberlassung
740 3193 790 3247 der
831 3203 907 3254 meat,
926 3192 974 3246 dns
992 3209 1058 3245 mon
1079 3197 1217 3245 erwarten
1236 3196 1293 3245 wiir

210 3281 337 3346 Provinz‚
353 3282 472 3332 honorem
482 3279 534 3332 den
550 3277 695 3345 Triumph,
706 3278 789 3343 diilm'·
833 3274 980 3330 Urteilder
997 3275 1102 3329 andern
1119 3275 1293 3329 istnnbeawe

207 3376 285 3418 tatem
304 3365 350 3417 die
376 3381 462 3431 genae
491 3363 637 3431 politisehe
662 3362 788 3430 Stellung
831 3359 993 3415 Thatsaohe.
1027 3358 1090 3428 Vgl.
1109 3359 1174 3411 fem.
1194 3359 1225 3425 V,
1243 3362 1293 3424 ut

208 3451 256 3503 des
274 3449 423 3511 Antonius,
436 3448 539 3500 welche
548 3446 610 3500 sehr
619 3446 789 3499 ersohiittert
863 3446 886 3496 3.
904 3462 971 3510 quae
988 3454 1035 3495 tao
1052 3460 1132 3495 coneo
1152 3440 1221 3510 feei]
1239 3443 1293 3497 cio

208 3548 282 3596 war,
299 3531 369 3585 iiber
381 3533 495 3598 diyoitaa
511 3533 567 3598 vgl.
585 3531 629 3585 die
639 3529 789 3584 Definitiou
831 3526 960 3580 hinderte
977 3544 1005 3580 es
1023 3528 1061 3580 im
1080 3525 1173 3590 Senot,
1192 3527 1257 3580 dass
1275 3531 1293 3579 A

209 3633 252 3683 ep.
279 3617 330 3680 94,
358 3619 380 3667 1.
406 3643 439 3651 —
470 3617 617 3683 comperisse
647 3613 697 3682 me]
734 3612 789 3666 Das
831 3609 909 3661 nieht
928 3610 1012 3663 sehon
1029 3612 1074 3678 61,
1099 3610 1152 3662 wie
1179 3609 1293 3679 Pompej

210 3700 291 3753 Wort
324 3701 464 3766 comperire
492 3716 549 3751 war
583 3697 670 3751 doreh
697 3697 790 3751 Cicero
832 3693 919 3759 hatte,
948 3693 1100 3762 abgerufen
1128 3693 1187 3747 und
1223 3710 1274 3747 vor

209 3785 296 3838 selbst
314 3802 346 3835 zu
374 3783 450 3835 einer
475 3786 562 3835 etwas
588 3781 789 3849 zweideutigen
832 3776 947 3845 gestellt
964 3777 1067 3830 wurde⁴
1084 3805 1118 3814 -
1143 3795 1200 3829 eam
1217 3779 1293 3829 addo

210 3865 404 3920 Beriihmtheit
421 3865 594 3933 gekommen,
620 3865 680 3918 weil
708 3881 739 3917 er
761 3881 789 3917 es
831 3862 920 3928 giinze
939 3862 1106 3928 olfacerem.
1124 3863 1294 3913 ——comtanti

209 3948 354 4013 brauohte,
372 3966 402 4001 so
419 3948 460 4001 oft
478 3966 508 4001 er
521 3948 622 4001 wieder
630 3951 691 4001 eine
702 3947 791 4002 Naoh·
832 3945 974 4011 sequenz’:
993 3944 1056 3996 dass
1073 3942 1207 3997 esGioero
1223 3962 1293 3998 saue:

211 4034 284 4086 rioht
311 4032 379 4085 iiber
414 4031 458 4083 die
494 4031 699 4084 catilinarisohe
724 4030 791 4085 Ver·
832 4027 935 4094 wurde,
969 4033 1070 4080 wusste
1102 4028 1242 4080 Antonius
1278 4046 1293 4079 n

211 4118 377 4183 sohwdrung
395 4116 520 4169 erhalten
540 4114 706 4182 hatte‚ohne
721 4115 790 4168 noch
832 4110 941 4180 reliqua]
968 4111 1021 4165 ‘die
1050 4110 1206 4163 Zulrunft’:
1242 4115 1293 4164 Am

212 4198 429 4254 entseheidende
448 4199 568 4251 Beweise
579 4197 747 4265 vorbringen
758 4215 791 4250 zu
833 4196 910 4248 einer
927 4196 991 4250 dem
1015 4194 1154 4247 Antonius
1179 4194 1293 4249 drohenr

212 4285 332 4338 kdnnen.
368 4281 430 4350 Vgl.
457 4282 486 4333 in
504 4281 563 4335 Cat.
581 4281 602 4347 I,
629 4285 668 4348 10,
685 4284 725 4335 27.
743 4281 792 4347 ΙΙΙ,
833 4278 914 4346 klage
939 4295 1035 4347 wegen
1064 4277 1293 4347 Erpressungeu:

212 4371 241 4436 43
254 4385 306 4436 pro
316 4365 392 4419 Sulla
403 4368 441 4419 12.
452 4368 492 4420 86.
511 4352 717 4419 llbelwollende
726 4364 792 4418 oder
834 4361 911 4415 wirst
928 4363 966 4415 du
993 4362 1100 4415 meiner
1116 4359 1235 4415 Dienste
1261 4362 1293 4415 be

212 4450 365 4520 spdttisehe
383 4449 532 4502 Mensehen
543 4449 688 4502 wendsten
706 4447 792 4502 daher
833 4446 972 4499 Antonius
989 4443 1108 4514 entging
1124 4443 1174 4498 der
1190 4444 1293 4515 Anklm

205 4536 302 4590 diesen
322 4533 471 4588 Ausdrnck
489 4531 638 4604 geganihn
652 4531 792 4585 selbstsn.
833 4529 892 4583 und
909 4528 1001 4582 wurde
1019 4526 1074 4595 (59)
1092 4532 1168 4582 trote
1184 4528 1293 4583 Ciceros
