2602 4890
58 190 80 260 ι]
453 193 498 247 Ad
518 191 582 246 fam
597 191 619 257 1,
634 194 659 245 9.
1099 198 1160 262 189

57 379 85 423 m
106 359 225 438 enitor,
254 364 293 423 nt
313 377 417 442 neque
439 358 550 424 amicis
571 376 675 441 neque
697 358 796 424 etiam
819 358 1028 425 alienioribus
1050 381 1162 445 opera,

57 459 103 537 io,
133 458 247 524 labore
276 457 385 525 desim.
427 457 489 522 Hic
509 478 600 524 meae
621 457 707 522 vitae
728 478 840 523 cursus
862 459 997 526 offendit
1018 481 1072 527 eos
1094 461 1161 526 lor·

74 558 131 642 qui
152 557 355 642 splendorem
377 563 410 624 et
431 558 565 641 speciem
587 558 682 623 huius
699 558 786 624 vitae
802 558 981 638 intuentur,
1002 561 1158 627 sollicitu-

57 714 61 724 .
83 665 193 725 autem
213 664 246 724 et
266 658 412 725 laborem
432 659 611 742 perspicere
632 679 695 724 non
719 665 873 741 possunt3
895 660 975 725 illud
996 681 1073 726 vero
1094 682 1161 726 non

57 782 89 826 re
111 764 312 844 queruntur,
341 759 376 823 in
396 760 474 825 meis
495 759 676 839 sententiis,
706 759 825 843 quibus
846 781 957 826 ornem
979 761 1161 842 Caesarem,

80 860 254 926 desciscere
282 879 333 924 me
364 879 387 923 a
415 858 553 942 pristina
573 879 678 925 causa.
720 859 789 943 Ego
811 867 920 927 antem
942 882 1012 927 cum
1036 864 1091 928 illa
1112 885 1160 928 se-

88 980 173 1045 quae
193 960 293 1043 paulo
314 964 390 1025 ante
411 960 575 1043 proposui,
600 964 670 1025 tum
693 960 755 1025 hoc
775 980 839 1025 non
861 961 894 1025 in
911 964 1089 1045 postremis,
1120 964 1164 1028 de

57 1080 212 1146 ceperam
234 1080 400 1143 exponere.
432 1057 504 1124 Non
527 1058 667 1125 offendes
688 1059 824 1125 eundem
842 1061 1000 1127 bonorum
1023 1083 1162 1142 sensum,

56 1165 102 1242 le,
134 1182 228 1246 quem
249 1161 418 1244 reliquisti,
452 1160 509 1243 qui
530 1158 739 1226 confirmatus
760 1161 930 1227 consulatu
952 1168 1073 1241 nostro,
1099 1184 1162 1229 aon

56 1285 133 1330 uam
154 1267 268 1346 postea
289 1262 499 1343 interruptus,
524 1259 673 1325 adflictus
694 1266 770 1326 ante
791 1267 826 1326 te
847 1262 1016 1341 consulem,
1039 1284 1161 1329 recrea-

56 1366 90 1431 bs
113 1372 157 1445 te,
170 1368 262 1429 totus
283 1365 333 1427 est
353 1381 440 1426 nuno
460 1360 502 1426 ab
522 1360 572 1440 iis,
593 1381 615 1425 a
635 1360 751 1444 quibus
772 1362 914 1427 tuendus
933 1363 1050 1442 fuerat,
1072 1365 1162 1429 dere-

62 1486 69 1543 ;
101 1466 199 1549 idque
228 1485 291 1530 non
321 1462 425 1528 solum
455 1460 562 1526 fronte
593 1466 691 1544 etque
717 1462 826 1541 vultu,
855 1462 973 1547 quibus
999 1464 1161 1529 simulatio

56 1588 107 1631 me
126 1565 313 1643 sustinetur,
335 1562 501 1628 declarant
518 1560 552 1639 ii,
574 1561 728 1643 quitum,
750 1569 861 1628 nostro
878 1563 935 1629 illo
956 1571 1056 1643 statu,
1079 1567 1162 1647 opti·

87 1665 357 1740 nominabantur,
389 1662 444 1727 sed
473 1662 571 1727 etiam
593 1662 753 1727 sententia
773 1682 867 1745 saepe
888 1665 953 1729 iam
976 1664 1161 1748 tabellaque

56 1775 144 1832 runt.
184 1767 297 1851 ltaque
327 1768 399 1829 tota
427 1764 491 1827 iam
519 1762 714 1845 sapientium
740 1761 875 1844 civium,
906 1764 1033 1846 qualem
1056 1785 1106 1830 me
1128 1771 1163 1830 et
1174 1774 1211 1827 18-

56 2003 373 2014 -—--—-

55 2211 59 2221 .
89 2196 119 2204 -
148 2185 228 2234 neque
245 2165 342 2233 amico]
365 2165 414 2220 wie
432 2165 537 2220 Sestius
579 2168 656 2220 etiam
681 2185 712 2219 en
733 2169 807 2219 vultu
824 2177 848 2219 et
864 2170 942 2220 ocidit
959 2178 981 2221 et
996 2169 1104 2234 fronte,
1127 2180 1163 2222 ut

55 2271 72 2305 1.
83 2251 211 2305 Plancius
230 2248 261 2315 (s.
271 2248 329 2303 AR
339 2251 380 2315 20,
397 2248 534 2315 Anm.).-
580 2252 707 2311 ciuem
736 2252 795 2303 Ati.
814 2249 845 2315 V,
872 2254 916 2317 10,
934 2252 964 2318 33
994 2251 1161 2319 umgekehrt

61 2338 140 2388 eriam
157 2330 332 2401 olimioribns]
358 2332 421 2386 dass
438 2348 468 2385 er
484 2331 538 2384 mit
580 2331 611 2399 Q.
633 2332 686 2386 Cic.
713 2333 748 2387 de
772 2338 830 2401 pet.
856 2351 930 2388 cons.
956 2336 1004 2386 44:
1033 2338 1106 2386 cultu
1131 2354 1163 2387 oe

86 2417 293 2486 ausgedehnten
336 2414 538 2485 gerichtlichen
574 2419 673 2483 fronte,
689 2435 757 2484 quae
773 2419 1009 2478 unanimitatem
1020 2418 1161 2483 fronte...

55 2501 123 2571 {keit
141 2502 181 2554 im
197 2501 335 2554 Interesse
352 2515 406 2553 von
424 2498 538 2552 Anh‘tu·
579 2511 661 2555 mente
678 2501 739 2554 Att.
757 2499 804 2566 IV,
823 2503 862 2567 15,
879 2506 911 2567 73
933 2502 988 2570 vgl.
1007 2500 1100 2555 Plano.
1120 2504 1160 2555 16.

55 2587 92 2640 les
103 2586 186 2639 Clisar
203 2585 261 2637 und
273 2583 420 2651 Pompejus
437 2582 470 2644 (s.
479 2582 497 2650 ἕ
506 2585 538 2636 19
580 2582 811 2652 Seyffert-Miller
819 2602 852 2638 au
864 2585 938 2639 Lael.
948 2588 989 2652 65,
1007 2587 1033 2641 S.
1042 2590 1090 2642 421
1101 2588 1120 2642 f.
1131 2617 1160 2625 -

55 2689 98 2738 ep.
115 2673 158 2733 27,
174 2671 199 2735 4,
217 2684 259 2721 wo
276 2685 306 2722 or
323 2668 381 2721 sich
393 2666 463 2721 auch
474 2667 537 2721 offe-
579 2667 1163 2736 nourottlocamlAbl.sbs.,Erkl.autom.-

54 2752 195 2820 issprieht)
204 2753 250 2807 die
259 2752 422 2819 Optimaten
433 2752 538 2819 lingere,
579 2754 711 2820 optimates
723 2751 934 2820 nominabantur]
947 2770 968 2807 s.
983 2753 1027 2807 die
1038 2754 1164 2807 aussnhr·

54 2856 60 2889 s
91 2853 122 2889 er
148 2836 220 2890 wohl
250 2837 307 2890 und
337 2834 465 2888 erwiihnt
493 2833 538 2887 die
580 2834 744 2889 licheStelle
761 2835 830 2889 iiber
848 2835 892 2889 die
905 2836 1011 2907 Frage:
1029 2849 1164 2905 procem

70 2919 185 2973 deshslb
212 2919 290 2973 nicht
307 2918 379 2973 ohne
395 2918 538 2988 Behagen:
579 2930 668 2973 nosco
684 2922 757 2972 natio
772 2921 937 2986 optimatium
950 2918 1162 2986 prosestecff.

54 3002 536 3070 ndmmmpeeiemlrlllitterationl)
581 3002 647 3072 (vgl.
666 3002 761 3069 136f.).
778 3030 812 3041 —
828 3000 964 3071 mmtia]
987 3003 1030 3056 bei
1048 3002 1096 3057 der
1113 3002 1163 3056 Be·

54 3106 73 3156 r.
88 3090 135 3153 26,
156 3091 172 3141 7
188 3087 247 3140 und
264 3086 300 3140 ad
317 3087 348 3152 Q.
364 3086 400 3139 fr.
416 3087 452 3151 Il,
469 3087 494 3152 4,
510 3087 537 3139 6:
581 3090 685 3156 ratung
703 3087 743 3139 im
760 3085 853 3149 Sonat,
869 3088 963 3140 tabella
980 3086 1024 3140 bei
1042 3087 1091 3142 der
1108 3087 1164 3138 Ab·

54 3174 98 3226 ciis
112 3174 132 3223 ii
144 3190 239 3236 samua,
256 3174 301 3240 qm·
308 3173 430 3238 sicimam
448 3172 538 3222 ἀοηιιιι
581 3170 736 3237 stimmung
754 3170 794 3223 als
812 3168 937 3224 Richter.

54 3257 162 3321 terito,
179 3264 208 3307 ut
223 3272 282 3307 oum
298 3257 416 3308 macrinio.
434 3281 466 3291 -
483 3257 537 3322 qui·
614 3251 1163 3324 18.sapientinmcioium]‘politischklng'3

54 3358 107 3392 uem
130 3339 426 3405 Cossaremls.zuep.
446 3339 538 3404 26,10
580 3338 701 3393 Laelssr
716 3348 776 3390 uem
792 3340 849 3399 ista,
865 3338 956 3390 Lecti:
974 3354 1021 3389 uec
1037 3340 1105 3389 enim
1114 3357 1165 3391 me·

57 3423 89 3475 Ε.
107 3424 190 3474 23.—
204 3424 279 3489 quium
295 3421 438 3488 ἀπώσειε]
456 3424 538 3490 puori,
580 3424 630 3475 lior
654 3423 696 3474 cir
716 3422 776 3487 fuit
799 3423 930 3488 Africam
954 3422 1088 3488 qui-squam
1113 3441 1158 3476 nec

54 3521 149 3573 sagon,
166 3505 280 3559 mildert
293 3505 345 3560 deu
359 3504 460 3559 herten
470 3508 538 3560 Ans·
579 3507 691 3560 clarior:
717 3507 762 3557 red
786 3506 931 3558 maiman
957 3505 1028 3558 dobes
1049 3509 1163 3558 omnium

71 3589 106 3642 da
126 3589 196 3642 nach
205 3589 313 3644 Ciceros
323 3590 442 3644 Ansieht
456 3590 537 3644 lisine
579 3592 662 3643 ocae·
677 3591 709 3658 iss
725 3598 749 3641 tc
764 3607 816 3642 csse
832 3590 952 3642 watenes
969 3608 1067 3642 unam:
1086 3601 1110 3642 te
1123 3608 1164 3641 sc-

55 3673 279 3740 atenparteildas
289 3673 536 3742 istpristioeconso)
576 3676 691 3741 piantem
707 3682 731 3727 et
748 3675 882 3740 appellunt
899 3676 1084 3726 acerrimam.
1106 3677 1164 3726 Pri-

53 3756 189 3823 existiert,
206 3773 260 3810 von
277 3757 328 3811 der
340 3773 405 3810 man
415 3757 537 3810 ablallen
578 3758 703 3809 Matar
719 3758 764 3809 lsoe
781 3758 853 3808 modo
867 3757 903 3809 M.
918 3757 1014 3822 Comi,
1028 3759 1121 3809 samus
1130 3758 1162 3809 L.

53 3857 69 3894 e.
87 3870 119 3880 -
137 3838 195 3907 illa]
215 3839 298 3905 jenen
314 3839 538 3910 ‘Erwiigungsnt
579 3842 694 3894 Aciliam
709 3841 784 3908 opud
797 3849 886 3907 patras
893 3842 1163 3907 metrosappetlatom

70 3942 120 3991 quo
145 3942 278 3991 coeperam
303 3922 436 3991 ecponm]
459 3922 536 3991 §122
579 3942 629 3978 csse
645 3927 794 3992 sapientem
809 3925 855 3978 scd
871 3933 976 3992 uterquse
989 3927 1041 3976 olio
1049 3926 1161 3993 praedm

53 4018 180 4062 oraetcrea
196 4026 223 4061 u.
234 4026 255 4062 s.
264 4024 297 4061 w.
306 4036 339 4046 -
355 4007 535 4074 ooaoffendes]
578 4011 669 4062 modo:
687 4010 793 4073 Aciliae,
811 4009 872 4075 quin
878 4009 995 4075 prudem
1006 4028 1057 4063 csse
1066 4012 1095 4061 in
1104 4012 1161 4062 iure

57 4096 72 4145 ².
90 4120 124 4130 -
140 4094 184 4160 qai
201 4094 366 4158 confimales
438 4109 537 4145 recrea-
578 4095 647 4146 cios'li
671 4093 829 4161 petebatur,
850 4091 920 4159 cato,
937 4094 1001 4160 qaia
1017 4095 1161 4145 multorom

53 4193 63 4227 r
89 4175 121 4241 te]
148 4174 378 4243 Relapitulstion
408 4174 456 4228 des
481 4190 536 4228 von
578 4194 666 4230 mian
683 4194 759 4228 usum
774 4176 897 4228 lwetot:
923 4178 1005 4229 medlo
1021 4178 1075 4230 diu
1091 4187 1115 4230 et
1131 4180 1161 4229 in

53 4256 537 4329 LssDargelegtenmberohneRiick·
580 4269 670 4313 renota
687 4270 711 4314 et
726 4261 756 4312 tn
767 4261 832 4326 soro
849 4261 888 4312 vel
902 4262 1010 4326 prostsa
1019 4262 1164 4328 prestantes·

53 4342 94 4397 iul
109 4341 216 4396 Ciceros
234 4342 388 4396 Person-
397 4344 489 4409 seusus
499 4351 537 4394 ot-
578 4345 618 4397 oet
642 4353 702 4397 octa
727 4352 871 4397 moines
895 4345 934 4397 oet
950 4361 1073 4412 responsa
1089 4355 1163 4398 neate

52 4424 99 4494 ltu]
118 4424 357 4493 sprichwiirtliclr:
385 4425 444 4479 nit.
464 4424 538 4492 XIV,
574 4428 748 4494 faetantur:
772 4436 915 4494 propterca
935 4430 1010 4496 prosi
1026 4446 1165 4495 coenoman

52 4514 80 4564 l:
107 4528 160 4563 non
185 4512 266 4564 solum
287 4510 463 4577 woradum,
490 4512 536 4565 aa
578 4512 634 4566 iam
660 4512 769 4568 talebot
793 4513 825 4567 ia
847 4514 1178 4580 immiteremus.-
