2602 4890
112 160 170 224 198
612 158 656 212 nd
674 160 740 214 fam.
759 160 780 227 Ι,
797 162 822 214 9.
1202 160 1267 231 [Ep.
1287 172 1295 190 '¹

109 332 221 390 turum
251 345 317 390 esse
347 344 419 389 cum
442 324 563 406 collega
585 325 783 407 provincias3
814 326 842 389 si
864 325 990 391 curiata
1009 326 1062 393 lex
1083 348 1151 393 non
1174 332 1266 407 esset,
1292 355 1301 382 :1

109 432 303 510 paraturum
321 445 393 489 cum
411 424 534 506 collega
552 423 676 507 tibique
694 445 927 505 successurum3
945 426 1048 509 legem
1066 428 1229 493 curiatam
1246 448 1296 493 co=

109 528 171 594 suli
201 526 279 591 ferri
309 545 389 609 opus
419 545 496 603 esse,
526 545 652 591 necesse
673 545 737 591 non
768 545 852 605 esse,
885 529 1107 611 aequoniam
1129 548 1171 593 ex
1191 532 1293 593 senat

110 627 258 695 consulto
280 625 477 709 provinciam
498 624 645 704 haberet,
667 624 737 708 lege
760 625 909 692 Cornelia
929 627 1103 711 imperium
1120 627 1268 694 habitur
1284 656 1296 684 ιι

110 729 219 812 quoad
240 729 274 791 in
295 726 408 792 urbem
430 725 602 791 introisset
640 725 721 808 Ege,
744 726 822 810 quid
843 727 885 793 ad
908 733 940 793 te
958 734 1090 793 tuorum
1109 727 1247 812 quisque
1264 749 1293 793 n:

110 828 321 896 cessariorum
343 826 476 904 scribat,
501 826 624 904 nescio;
645 828 752 891 varias
773 847 842 893 esse
864 830 1029 911 opiniones
1048 827 1224 911 intellego;
1244 848 1301 893 sun

110 931 168 1013 qui
197 934 317 1013 putant
346 947 439 1010 posse
468 932 501 991 te
532 946 597 991 non
619 926 790 1008 decedere,
822 928 912 1012 quod
934 930 1001 994 sine
1021 929 1092 1011 lege
1112 928 1240 995 curiata
1257 934 1301 992 m

110 1029 320 1107 succedatur3
353 1033 429 1092 sunt
452 1027 559 1106 etiam,
590 1029 658 1110 qui,
679 1028 706 1091 si
728 1028 872 1109 decedas,
893 1051 913 1093 a
934 1036 967 1094 te
988 1029 1129 1113 relinqui
1149 1050 1242 1112 posse
1260 1028 1300 1112 qui

111 1130 294 1214 provinciae
315 1128 444 1210 praesit.
496 1126 578 1191 Mihi
597 1148 664 1193 non
685 1134 753 1193 tam
774 1129 814 1194 de
834 1130 904 1194 iure
926 1135 1051 1196 certum
1071 1136 1122 1196 eet
1143 1171 1187 1183 -
1207 1150 1297 1214 quan·

110 1251 208 1316 quam
238 1251 278 1295 ne
304 1229 337 1292 id
358 1227 490 1311 quidem
511 1228 605 1294 valde
626 1228 761 1293 dubium
782 1235 832 1295 est
853 1268 893 1278 —
915 1250 1013 1313 quam
1035 1229 1137 1311 illud,
1167 1231 1210 1296 ad
1230 1237 1298 1295 tuan

111 1352 270 1397 summam
292 1328 547 1412 amplitudinem,
565 1329 767 1413 dignitatem,
790 1331 985 1411 libertatem,
1002 1337 1119 1416 quate
1136 1333 1203 1398 scio
1218 1331 1298 1397 liben-

110 1433 234 1498 tissime
264 1431 330 1495 frui
351 1431 473 1510 solere,
503 1431 664 1515 pertinere
685 1437 719 1496 te
740 1431 808 1496 sine
829 1432 898 1497 ulla
918 1451 1011 1497 mora
1030 1432 1229 1515 provinciam
1247 1450 1299 1497 sno·

111 1533 229 1599 cessuri
250 1532 432 1612 concedere,
453 1532 644 1616 praesertim
665 1552 738 1597 cum
757 1533 825 1597 sine
842 1533 1022 1617 suspicione
1039 1538 1117 1597 tuae
1134 1532 1271 1617 cupidita
1291 1560 1294 1584 τ

111 1655 176 1700 non
198 1634 300 1716 possis
321 1633 408 1697 illius
430 1633 643 1716 cupiditatem
660 1633 823 1699 refutare:
846 1654 906 1716 ego
925 1640 1099 1717 utrumque
1118 1654 1222 1699 meum
1238 1655 1293 1717 pe*

113 1755 189 1815 esse,
212 1734 344 1817 etquid
366 1733 503 1798 sentiam
525 1733 693 1799 ostendere
715 1738 749 1799 et
771 1733 858 1817 quod
881 1733 994 1799 feceris
1016 1732 1198 1799 defendere.

71 1846 104 1898 26
195 1834 321 1917 Scripta
342 1834 409 1898 iam
435 1833 573 1917 epistula
598 1834 764 1918 superiore
788 1836 897 1920 accepi
922 1842 998 1901 tuas
1014 1836 1143 1902 litteras
1160 1837 1199 1904 de
1215 1834 1300 1920 publi·

112 1936 218 2015 canis;
248 1935 306 2000 ubi
336 1936 535 2018 aequitatem
564 1940 655 2000 tuam
684 1956 749 2000 non
775 1937 869 2020 potui
889 1958 954 2002 non
976 1938 1131 2021 probare:
1164 1936 1294 2002 facilite

111 2034 241 2120 quidem
263 2035 375 2100 vellem
397 2036 546 2118 consequi
568 2037 735 2119 potuisses,
762 2059 803 2102 ne
825 2039 893 2104 eius
915 2039 1049 2119 ordinis,
1079 2058 1175 2123 quem
1197 2058 1289 2103 semo

112 2135 254 2215 ornasti,
283 2156 351 2200 rem
374 2140 432 2201 aut
452 2136 654 2202 voluntatem
676 2138 861 2204 offenderes.
912 2138 1070 2221 Equidem
1092 2160 1157 2205 non
1180 2138 1300 2203 desinon

112 2471 343 2526 auenahmsweise
377 2471 547 2540 dispensiert
583 2470 695 2525 werden
737 2470 962 2539 beanspruchen,
978 2466 1024 2525 fiir
1042 2471 1096 2526 den
1109 2466 1300 2528 ebendasnocb

112 2558 233 2623 konnts,
259 2571 316 2607 war
342 2555 482 2607 vielleicht
501 2555 563 2608 eine
579 2554 696 2608 Bestim·
738 2555 817 2608 nicht
834 2554 1041 2625 niedergslegte
1058 2556 1212 2623 Imperium
1231 2554 1292 2602 lna

112 2657 199 2708 mung
234 2639 284 2692 der
313 2637 498 2692 sullanischen
524 2637 695 2706 Verlassnng
737 2656 814 2707 gang
831 2638 877 2691 ist.
912 2641 969 2691 Ans
992 2644 1083 2692 einem
1094 2639 1300 2694 BerichtCioeroe

112 2725 164 2790 (lex
176 2725 294 2777 Cornelia
312 2725 343 2776 dc
357 2724 498 2790 provinciis
515 2720 680 2787 ordinandis)
686 2740 695 2783 ,·
737 2739 773 2776 an
796 2723 908 2776 Atticus
936 2722 992 2790 (IV,
1011 2727 1050 2790 17,
1067 2723 1095 2791 2)
1121 2724 1247 2778 erfahren
1265 2720 1290 2773 π’

112 2808 201 2862 daher
219 2806 309 2860 meint
324 2806 450 2873 Appius:
468 2823 532 2873 opus
549 2824 600 2858 esec
617 2834 650 2842 —
667 2821 695 2858 es
738 2806 818 2873 noch,
834 2807 897 2860 dass
908 2806 1018 2874 Appius
1027 2808 1057 2860 in
1069 2807 1135 2860 sehr
1145 2807 1292 2861 skandai

110 2891 150 2945 sei
167 2907 239 2960 ganz
257 2890 493 2943 wiinschsnswert
512 2888 555 2951 (zu
565 2905 609 2956 ep.
618 2889 659 2951 25,
668 2887 695 2955 2)
738 2890 831 2945 Weiss
848 2890 907 2943 sich
924 2890 970 2943 mr
987 2890 1057 2944 Geld
1074 2907 1128 2944 von
1148 2891 1203 2945 den
1219 2886 1294 2945 nauli

112 3003 142 3012 -
160 2992 326 3028 coessendo
344 2992 402 3028 esee.
431 2972 533 3025 Erh'dlt
552 2989 582 3024 er
602 2971 696 3024 dieleae
738 2975 824 3028 daten
850 2975 898 3028 des
924 2974 1071 3043 folgenden
1097 2975 1210 3041 Jahres,

111 3062 221 3125 curiata,
240 3076 270 3112 so
286 3058 343 3111 will
361 3075 392 3112 er
408 3058 461 3110 mit
475 3055 614 3110 Domitius
626 3055 697 3110 Ahe·
738 3057 783 3112 die
800 3058 926 3111 Konsuln
948 3057 980 3126 ja
998 3074 1052 3113 von
1070 3075 1196 3125 grossam
1212 3058 1254 3113 Nu
1273 3079 1295 3098 νε

112 3142 253 3196 nobarbus
271 3159 318 3195 um
337 3142 381 3194 die
399 3142 483 3194 sehon
501 3141 534 3194 55
553 3138 637 3204 (nach
647 3139 697 3192 der
739 3142 799 3195 sein
816 3141 952 3209 konnten,
972 3141 1034 3197 eine
1050 3142 1206 3211 gefdlschte
1222 3144 1283 3195 lecr

111 3228 153 3279 lex
162 3228 316 3293 Senuproniu
334 3224 393 3292 123)
411 3225 481 3278 noch
499 3240 549 3278 vor
562 3223 698 3277 denKon·
739 3227 811 3277 ricta
837 3224 1008 3279 verschaffen
1026 3226 1135 3279 wollte:
1163 3226 1229 3280 aber

111 3309 263 3363 sulwahlen
289 3309 470 3362 bestimmten
488 3307 627 3373 (decretae,
652 3325 695 3359 nn
737 3307 978 3362 derKandidaten
992 3305 1298 3365 dennnzierteselhst·'

112 3392 502 3459 minatae)Provinzenlosen:
525 3390 600 3444 dann
614 3389 693 3443 weist
737 3391 832 3446 Sache.
861 3422 888 3431 -
916 3403 976 3445 suat
996 3395 1040 3461 qui
1053 3392 1164 3463 putum]
1182 3394 1255 3449 nicht
1276 3419 1289 3432 v*

112 3476 161 3530 der
179 3476 262 3529 Senat
280 3477 348 3529 Geld
366 3476 423 3529 und
441 3475 573 3542 Truppen
592 3490 627 3526 an
643 3475 694 3538 (cr-
737 3486 797 3543 teut,
814 3476 888 3530 donn
906 3494 935 3530 es
952 3476 1039 3530 heisst
1057 3477 1137 3531 nicht
1151 3476 1293 3543 iibsrhanpt

113 3579 177 3612 aare
191 3562 368 3626 procinctam:
387 3577 430 3626 ep.
443 3561 484 3624 23,
500 3557 541 3625 1);
556 3555 696 3620 wonicht,
738 3576 766 3612 es
783 3559 862 3628 giebt
880 3560 977 3622 Lente,
995 3559 1098 3615 welche
1116 3561 1243 3625 meinen,
1257 3572 1294 3613 eon

112 3660 142 3697 so
164 3644 219 3695 will
243 3660 273 3695 er
296 3642 353 3696 sich
372 3644 425 3695 mit
444 3643 502 3695 ihm
520 3640 695 3710 vergleichen
738 3643 819 3696 dern:
838 3647 920 3697 unter
938 3643 1040 3709 denen,
1058 3643 1105 3696 dis
1121 3647 1211 3697 acrius
1226 3642 1290 3713 ομ*

113 3727 290 3796 (pandarum,
307 3726 480 3794 gewiihnlich
495 3725 532 3778 ist
542 3729 620 3779 sonat
629 3743 695 3776 com·
737 3745 782 3779 nea
800 3726 908 3786 haben,
926 3727 1037 3780 meinen
1056 3727 1101 3781 die
1118 3728 1200 3782 einen
1211 3724 1300 3782 ...aa

108 3810 220 3879 parare)
239 3811 296 3864 und
315 3810 385 3862 nach
396 3809 519 3862 Kilikien
533 3808 606 3876 gehn
618 3806 696 3874 (aber
737 3809 772 3875 X,
788 3813 876 3876 4,11:
893 3820 952 3862 sunt
970 3821 1056 3864 aulem
1073 3812 1300 3881 quaepruetcrii·

112 3914 157 3947 auo
174 3906 298 3964 summm
325 3897 385 3946 Att.
403 3893 454 3959 IV,
477 3896 516 3956 18,
534 3895 567 3944 4:
592 3893 696 3959 Appius
737 3897 792 3947 sinc
817 3896 962 3960 suspicione
988 3904 1050 3947 tuae
1075 3893 1233 3965 cupiditatis]
1248 3910 1301 3947 ow

112 3981 166 4030 sinc
184 3982 252 4045 depe,
269 3998 314 4031 meo
331 3987 436 4045 sumptu
453 3979 482 4028 iu
501 3977 640 4028 Cicilicicm
658 3994 697 4026 co·
738 3976 801 4031 dieb
818 3977 882 4030 dem
901 3976 1041 4031 Verdacht
1063 3984 1255 4043 auszusetzen,
1273 3972 1300 4027 dl

111 4060 196 4128 pltat).
238 4061 315 4115 Naoh
342 4062 391 4116 der
417 4059 603 4113 sullanisohen
631 4058 696 4111 Ver·
737 4062 861 4114 wolltest
879 4061 967 4114 selber
985 4061 1056 4115 noch
1074 4061 1119 4116 die
1137 4063 1257 4117 Provinr.

115 4146 228 4212 tassung
246 4145 321 4197 kann
339 4162 369 4199 er
387 4146 436 4199 das
454 4143 607 4210 Imperium
625 4141 695 4195 auch
771 4146 812 4198 26.
843 4146 874 4198 de
899 4143 1055 4213 publicanis]
1092 4136 1299 4200 wahrscheinlicl

114 4228 186 4282 nach
204 4228 393 4281 derAnkuntt
410 4228 501 4281 seines
513 4225 695 4294 Naohfolgers
738 4228 819 4282 hatte
836 4228 973 4282 Lentulus
988 4228 1076 4282 durch
1085 4229 1149 4284 eine
1160 4228 1299 4297 Verrugine

115 4313 144 4364 in
164 4312 213 4364 der
225 4313 342 4364 Provinz
360 4312 500 4376 behalten,
518 4310 561 4361 bis
579 4326 610 4362 er
625 4310 696 4363 Rom
737 4312 767 4365 in
790 4312 881 4365 seiner
906 4311 1024 4365 Provinz
1048 4329 1113 4365 zum
1131 4312 1243 4367 Schrmm
1262 4305 1299 4360 det

114 4394 233 4458 betritt‚
259 4411 289 4447 er
314 4394 389 4448 kann
407 4396 464 4449 also
482 4394 554 4448 auch
572 4394 648 4447 daun
666 4394 695 4447 in
738 4394 907 4448 Einwohner
933 4394 992 4462 (das
1020 4396 1058 4449 ist
1085 4396 1140 4449 mit
1168 4396 1297 4465 aequm

111 4479 344 4547 gesetzmitssiger
365 4477 456 4532 Weiss
481 4478 536 4532 den
559 4477 696 4545 Triumph
739 4477 873 4548 gemeint)
893 4478 937 4532 die
955 4472 1297 4547 staatspecntsrbeleidirts
