2602 4890
51 258 54 263 .
114 214 177 290 438
511 210 513 217 '
559 210 634 274 ‘ne
650 219 719 275 fam.
736 220 785 286 xi,
803 221 840 275 s..
1195 218 1245 289 [Br-

113 389 272 472 quosdam
303 388 370 455 dies
392 393 660 469 commoraretur,
691 407 751 470 ego
781 407 872 452 eram
902 388 936 451 in
958 387 998 451 iis
1020 387 1112 469 locis,
1144 387 1177 451 in
1206 409 1245 470 qu

113 492 253 556 maxime
275 496 350 555 tuto
372 511 423 555 me
445 510 514 555 esse
534 489 742 554 arbitrabar:
764 509 803 554 eo
820 489 944 554 laetum
962 494 1021 568 est,
1045 494 1083 552 ut
1105 488 1149 553 ad
1167 495 1199 555 te
1215 488 1245 552 Lv

113 591 180 656 sine
200 591 281 656 meis
302 591 422 656 litteris
452 591 584 672 rediret,
616 612 689 656 eum
711 597 821 656 tamen
843 597 990 656 curasset
1020 596 1096 655 tuas
1119 590 1162 655 ad
1182 612 1231 655 me

112 692 271 757 ferendas.

195 792 329 857 Romam
353 799 463 858 autem
484 793 556 857 veni
579 814 606 858 a.
629 793 701 858 dv
734 791 806 858 Kal.
829 791 915 871 Dec,
938 812 998 856 nec
1018 791 1124 856 habui
1151 792 1245 875 quicq

113 893 289 976 antiquius,
319 913 417 976 quam
448 899 485 958 ut
506 893 646 958 Pansam
676 894 790 958 statim
812 895 1026 970 convenirem,
1057 911 1098 955 ex
1120 914 1187 975 quo
1216 914 1245 957 ea

112 999 145 1056 te
167 994 313 1073 cognovi,
344 1015 428 1077 quae
449 995 587 1059 maxime
610 994 775 1077 optabam.
817 991 945 1069 Quare
968 991 1158 1056 hortatione
1187 998 1225 1056 tu

112 1093 185 1156 dem
215 1114 278 1157 nou
309 1114 399 1175 eges,
431 1095 459 1158 si
489 1114 529 1158 ne
559 1095 594 1158 in
624 1094 683 1158 illa
712 1093 844 1175 quidem
876 1113 928 1173 re,
960 1113 1044 1176 quae
1065 1114 1086 1157 a
1108 1099 1142 1158 te
1164 1102 1245 1175 gesta

68 1205 86 1255 2
112 1200 186 1275 post
207 1193 374 1258 hominum
395 1197 585 1261 memoriam
606 1197 758 1273 maxima,
780 1195 984 1259 hortatorem
1007 1193 1245 1271 desiderasti3i

111 1300 220 1358 tamen
243 1295 383 1359 breviter
405 1293 650 1377 significandum
672 1295 810 1374 videtur,
832 1294 988 1378 populum
1005 1293 1193 1359 Romanum
1216 1315 1245 1358 οι

111 1415 131 1457 a
161 1401 195 1458 te
217 1401 405 1478 exspectare
437 1402 536 1478 atque
566 1396 599 1458 in
630 1402 663 1460 te
694 1395 869 1478 aliquando
899 1395 1141 1478 recuperandae
1165 1394 1245 1460 liber

112 1515 238 1559 omnem
259 1516 348 1577 spem
370 1517 499 1579 ponere.
542 1495 600 1574 Tu,
622 1497 649 1560 si
672 1496 739 1560 dies
765 1496 935 1579 noctisque
963 1496 1160 1574 memineris,
1184 1517 1245 1578 quo

112 1594 218 1659 facere
240 1602 328 1660 certo
350 1596 426 1674 scio,
449 1603 606 1679 quantam
624 1617 692 1660 rem
714 1597 857 1678 gesseris,
880 1618 943 1661 non
961 1597 1152 1661 obliviscere
1171 1597 1245 1679 prot

112 1703 255 1778 quantae
277 1697 340 1762 tibi
362 1697 462 1762 etiam
483 1718 569 1762 nunc
595 1697 754 1779 gerendae
776 1699 857 1776 sint;
880 1699 907 1762 si
929 1704 1013 1762 enim
1036 1699 1098 1764 iste
1125 1700 1245 1783 provin<

112 1804 226 1861 nactus
248 1799 320 1876 erit,
343 1800 395 1862 cui
417 1799 545 1881 quidem
569 1820 627 1882 ego
645 1819 771 1883 semper
789 1800 912 1864 amicus
929 1799 986 1879 fui,
1010 1805 1088 1863 ante
1110 1801 1243 1882 quami

112 1897 257 1962 intellexi
286 1919 351 1963 non
382 1899 478 1964 modo
501 1906 623 1982 aperte,
654 1899 711 1964 sed
742 1901 841 1965 etiam
871 1899 1011 1965 libenter
1037 1920 1112 1963 cum
1134 1921 1172 1964 re
1194 1901 1245 1982 pul

69 2009 86 2059 3
113 1998 233 2063 bellum
255 2020 375 2082 gerere,
407 2021 496 2082 spem
524 2000 684 2083 reliquam
706 2000 830 2067 'nullam
861 2000 953 2065 video
984 1999 1111 2066 salutis.
1155 1999 1245 2077 Quan

111 2120 179 2163 rem
201 2106 234 2164 te
257 2100 389 2165 obsecro
416 2099 517 2165 isdem
539 2101 698 2184 precibus,
730 2101 849 2184 quibus
879 2107 1010 2165 senatus
1033 2101 1240 2184 populusque

111 2220 236 2280 manus,
266 2206 305 2264 ut
326 2201 360 2264 in
381 2206 574 2284 perpetuum
604 2201 858 2285 rempublicam
890 2201 1060 2266 dominatu
1082 2201 1176 2284 regio
1199 2201 1245 2265 lib·

112 2305 149 2362 ut
171 2299 337 2382 principiis
359 2302 564 2366 consentiant
585 2303 703 2366 exitus.

106 2403 109 2417 '
195 2398 299 2464 Tuum
327 2408 376 2466 est
397 2403 457 2467 hoc
487 2424 621 2482 munus,
663 2408 740 2467 tuae
766 2408 894 2485 partes;
925 2423 945 2466 a
974 2408 1008 2467 te
1038 2402 1101 2467 hoc
1131 2403 1245 2467 civitas

113 2521 221 2563 omnes
242 2501 352 2585 potius
373 2508 484 2583 gentes
506 2524 570 2567 non
593 2509 781 2586 exspectant
803 2503 918 2581 solum,
950 2502 1006 2565 sed
1028 2503 1128 2566 etiam
1152 2510 1243 2586 postu

112 2599 325 2684 Quamquam,
358 2623 431 2665 cum
456 2602 642 2668 hortatione
673 2624 738 2667 non
769 2623 872 2685 egeas,
907 2608 944 2666 ut
976 2624 1076 2685 supra
1106 2604 1230 2686 scripsi,

112 2709 187 2765 utar
210 2723 248 2766 ea
269 2702 418 2784 pluribus
439 2703 554 2780 verbis,
586 2704 703 2768 faciam
733 2703 834 2784 illud,
866 2705 954 2787 quod
985 2725 1092 2767 meum
1115 2710 1176 2782 est,
1207 2710 1239 2766 ut

114 2802 220 2866 omnia
243 2822 315 2867 mea
336 2802 452 2879 officia,
474 2803 593 2882 studia,
617 2825 720 2883 curas,
749 2804 959 2886 cogitationes
981 2804 1149 2888 pollicear,
1181 2826 1245 2888 qua

113 2911 204 2965 tuam
226 2902 357 2967 laudem
380 2910 412 2969 et
434 2904 573 2985 gloriam
594 2906 812 2987 pertinebunt.
855 2905 958 2983 Quam
990 2905 1124 2970 obrem
1148 2907 1237 2971 velim

112 3004 163 3067 ita
184 3004 389 3085 persuadeas,
412 3026 462 3068 me
484 3025 556 3069 cum
578 3007 625 3070 rei
646 3006 795 3088 publicae
817 3027 924 3085 causa,
956 3027 1040 3090 quae
1062 3007 1144 3070 mihi
1167 3007 1230 3069 vita

113 3109 162 3174 est
184 3105 298 3185 carior,
331 3112 401 3170 tum
423 3105 512 3188 qnod
535 3106 681 3189 tibiipsi
703 3107 826 3171 faveam
858 3115 1013 3191 tuamque
1044 3108 1233 3190 dignitatem

113 3205 250 3287 plificari
271 3206 375 3282 velim,
405 3206 484 3291 [me]
517 3207 583 3271 tuis
616 3206 744 3290 optimis
775 3207 926 3287 consiliis,
959 3207 1178 3290 amplitudini,
1205 3209 1245 3292 glc

117 3307 208 3371 nullo
230 3307 301 3371 loco
324 3306 521 3373 defuturum.

117 3447 230 3453 Ι--------
235 3446 372 3454 -—

114 3542 240 3593 geweeen
257 3544 289 3578 zu
308 3527 553 3595 seim-Parmam]
572 3528 697 3581 coades.
740 3529 773 3579 2:
790 3546 804 3577 o
823 3529 851 3581 oti
867 3530 943 3579 boni!
968 3529 1030 3580 vivit
1046 3532 1178 3596 tyrannia,
1203 3542 1245 3597 tpa

114 3609 159 3661 fiir
175 3609 216 3661 43.
239 3638 273 3645 -
299 3628 330 3662 aa
347 3613 376 3662 ia
394 3614 443 3663 illa
460 3612 565 3679 quidam
582 3610 619 3678 re]
646 3610 699 3664 De·
741 3613 839 3677 occidit,
858 3611 914 3663 und
932 3614 992 3664 Att.
1020 3611 1095 3676 XIV,
1124 3617 1165 3680 14,
1183 3618 1214 3668 2:
1232 3633 1245 3665 a

115 3691 203 3744 cimus
231 3691 334 3745 Brutus
364 3711 424 3747 war
451 3695 529 3748 einer
557 3693 607 3747 der
634 3692 699 3746 Ver·
742 3704 931 3759 ...tpraaao
949 3698 1094 3762 tyrannide
1121 3717 1226 3751 maerere

115 3775 292 3829 schworenen
318 3794 407 3846 gagen
426 3778 518 3831 Ciisar.
536 3809 568 3817 -
592 3796 657 3846 qaae
683 3795 701 3828 a
743 3807 775 3815 —
801 3789 830 3830 at
856 3777 1003 3846 principiis]
1030 3779 1096 3832 dem
1123 3784 1238 3850 vorigen

113 3870 137 3910 te
152 3869 222 3925 parta
239 3870 274 3912 eat
350 3860 476 3928 maxima]
503 3861 552 3914 der
574 3860 702 3928 Superla·
744 3861 980 3930 untergeordnet3
995 3865 1139 3932 principiis
1149 3864 1245 3920 Beseiti

115 3942 157 3995 tiv
175 3943 227 3995 vvie
249 3945 420 4011 gewdhnlieh
449 3947 478 3997 in
506 3945 559 3997 den
578 3945 703 3998 Relativ-
745 3947 852 4010 C'a‘sars,
878 3947 961 3999 esitus
988 3946 1033 3999 die
1060 3947 1110 4001 des
1132 3949 1245 4002 Antonii

116 4030 177 4078 satz
205 4044 336 4096 gezogen.
371 4029 501 4082 Decimus
519 4029 600 4082 hatte
618 4027 703 4082 Glisas
745 4048 798 4081 aven
814 4040 876 4082 utar
902 4032 1067 4096 conpluribus
1085 4032 1178 4101 catu]
1204 4052 1245 4086 eo:

116 4108 146 4160 in
164 4108 219 4161 den
237 4110 323 4164 Senat
340 4111 483 4180 abgeholt.
743 4115 856 4175 rationu
871 4113 948 4166 nicht
967 4113 1018 4166 auf
1031 4112 1078 4168 die
1091 4116 1245 4172 Ansfiihrlir

149 4195 174 4244 2.
188 4211 287 4262 semper
302 4198 401 4247 ammas
412 4194 471 4262 fai]
489 4193 701 4260 wiewenigdas
743 4197 852 4249 kommt
878 4214 907 4250 es
930 4214 975 4262 an,
1001 4198 1126 4252 sondern
1144 4201 1245 4254 darauf.

115 4274 198 4328 Wort
216 4280 331 4330 amicitia
348 4297 381 4331 zu
401 4278 541 4333 bedeuteu
558 4279 619 4344 hat,
635 4294 701 4330 azu
744 4281 806 4333 eine
842 4280 1027 4350 Ermahnuug
1062 4283 1225 4352 iiberhaupt

114 4376 160 4426 ep.
179 4362 234 4425 127,
253 4362 276 4413 ὅ.
744 4363 841 4433 fliissig
857 4364 903 4418 iat.

149 4444 173 4494 3.
192 4444 328 4496 dominatu
344 4444 424 4513 rapio]
444 4445 504 4514 Vgl.
522 4447 583 4499 Aet.
596 4445 669 4513 XIV,
678 4447 703 4500 9.
