2602 4890
115 175 176 237 m
579 169 851 237 mmmm
1200 166 1289 239 &³

115 358 193 421 satis
217 355 319 420 calere
341 354 456 419 audio:
488 372 553 437 quo
572 352 700 436 quidem
718 353 832 418 nuntio
853 351 947 417 valde
964 351 1151 419 mehercule
1171 350 1212 417 de
1231 356 1265 417 te
1291 382 1297 404 a

114 477 268 521 mueram.
312 455 374 520 Sed
395 462 432 519 tu
453 453 488 517 in
509 474 544 518 re
568 454 703 519 militari
729 453 834 519 multo
858 473 893 519 ee
915 454 1041 519 cautior
1059 473 1163 537 quam
1178 452 1214 519 in
1230 452 1297 519 adr

113 556 310 636 sationibus,
344 557 399 638 qui
421 575 525 637 neque
547 556 581 618 in
603 554 732 621 Oceano
755 559 869 620 natare
889 553 1042 633 volueris,
1073 552 1293 621 studiosissim

113 659 210 723 homo
231 655 375 734 natandi,
406 675 511 738 neque
533 661 680 738 spectare
701 653 890 734 essedarios,
920 672 1017 738 quem
1039 660 1141 721 antea
1163 675 1203 720 ue
1225 674 1291 720 mo

113 757 192 823 bata
213 756 343 839 quidem
365 755 558 820 defraudare
579 761 773 839 poteramus.

71 859 87 910 3
197 857 258 922 Sed
283 857 348 923 iam
370 857 449 920 satis
471 856 568 921 iocati
591 876 710 923 sumus.
762 855 833 938 Ego
855 856 894 922 de
917 862 950 922 te
971 856 1014 922 ad
1036 856 1206 922 Caesarem
1226 876 1246 939 q
1271 883 1295 911 :t

114 956 284 1038 diligenter
305 955 498 1039 scripserim,
524 961 596 1021 tute
617 956 688 1035 sois,
711 977 809 1039 quam
831 976 937 1040 saepe,
958 977 1037 1039 ego:
1065 956 1124 1022 sed
1146 954 1235 1019 mehe
1273 982 1296 1009 ιε-

64 1057 67 1065 ’
112 1057 177 1121 iam
198 1057 445 1136 intermiseram,
468 1077 508 1121 ne
530 1057 655 1122 viderer
676 1056 893 1121 liberalissimi
914 1058 1053 1123 hominis
1070 1056 1198 1140 meique
1215 1074 1299 1120 amen-

112 1157 228 1222 tissimi
254 1157 416 1221 voluntati
437 1176 515 1238 erga
537 1177 588 1221 me
611 1156 763 1223 diffidere.
807 1157 868 1222 Sed
890 1164 998 1222 tamen
1020 1157 1060 1221 iis
1081 1156 1210 1235 litteris,
1241 1172 1299 1239 qun

113 1259 256 1340 proxime
292 1256 383 1336 dedi,
421 1258 533 1340 putavi
566 1276 634 1322 csse
666 1258 829 1323 hominem
860 1257 1147 1336 commonendum
1182 1256 1216 1321 id
1243 1254 1299 1333 fas

113 1355 191 1439 quid
220 1356 427 1439 profecerim,
457 1356 557 1422 faciae
588 1377 638 1421 me
668 1357 763 1421 velim
794 1357 962 1423 certiorem
992 1363 1026 1422 et
1056 1357 1156 1422 simul
1185 1357 1224 1422 de
1250 1360 1299 1421 tob

113 1462 205 1522 statu
236 1463 294 1522 tuo
325 1456 529 1540 consiliisque
562 1457 732 1536 omnibus;
763 1458 844 1523 scire
874 1458 958 1523 enim
987 1458 1093 1541 cupio,
1124 1458 1204 1541 quid
1233 1474 1300 1540 ages.

114 1557 192 1639 quid
222 1563 404 1639 exspectes,
435 1578 533 1638 quam
563 1557 695 1639 longum
725 1557 824 1621 istum
854 1563 948 1622 tuum
978 1556 1154 1624 discessum
1184 1578 1205 1623 a
1230 1554 1290 1623 nob'

72 1673 90 1725 4
115 1659 265 1723 futurum
286 1663 397 1740 putee:
420 1657 465 1721 sic
485 1656 568 1720 enim
592 1654 654 1720 tibi
675 1657 869 1739 persuadeas
889 1658 1003 1738 velim,
1033 1679 1136 1722 unum
1157 1658 1237 1723 mihi
1261 1686 1297 1713 ··-÷-

115 1757 287 1836 solacium,
318 1777 385 1839 qua
410 1778 446 1820 re
469 1755 595 1821 facilius
617 1757 738 1840 possim
760 1759 831 1842 pati
850 1764 884 1823 te
904 1778 973 1825 esec
993 1759 1062 1825 siue
1083 1759 1187 1838 nobis,

115 1878 182 1923 esse
201 1859 417 1924 emolumento
438 1858 554 1936 sciam3
577 1858 627 1922 sin
644 1863 754 1923 autem
771 1859 804 1922 id
824 1879 889 1923 non
906 1865 965 1939 est,
987 1859 1068 1926 nihil
1087 1859 1217 1927 duobus
1231 1878 1285 1925 no

114 1964 164 2023 est
186 1958 335 2023 stultius:
366 1979 425 2037 me,
457 1959 514 2040 qui
536 1964 569 2023 te
591 1979 654 2025 non
676 1959 812 2025 Romam
833 1960 1009 2041 attraham,
1031 1967 1074 2043 te,
1097 1964 1156 2046 qni
1178 1982 1241 2028 nou
1260 1960 1298 2025 ln

114 2310 186 2364 bloss
197 2311 236 2363 als
247 2311 363 2377 Ciceros,
384 2310 504 2365 sondern
518 2311 588 2364 auch
598 2312 696 2367 aledar
738 2313 776 2366 du
803 2312 978 2383 neugieriger
994 2312 1109 2367 Menech
1130 2313 1227 2368 iriiher
1276 2340 1290 2357 o

113 2393 211 2447 beiden
241 2394 490 2463 Rechtsgelehrteu
518 2393 608 2448 Urteil
638 2396 696 2449 und
739 2396 796 2450 und
823 2396 910 2450 selbet
937 2396 1018 2450 deine
1039 2394 1171 2451 Freunde
1197 2396 1268 2452 konu

113 2476 312 2546 Begriindung.
347 2479 379 2531 In
397 2481 465 2545 rapta
485 2497 537 2530 non
549 2480 696 2532 mandares
738 2479 800 2532 dieb
819 2479 900 2532 nicht
917 2478 1066 2540 abhalten;
1084 2496 1140 2534 von
1158 2480 1213 2534 den
1230 2482 1283 2532 ¹An

112 2562 183 2630 liegt
209 2563 348 2615 natiirlich
375 2580 428 2615 nur
445 2561 493 2616 ein
510 2561 609 2616 Schera
627 2562 696 2616 iiber
738 2561 841 2630 baton,
869 2564 945 2617 einer
967 2561 1140 2617 besonderen
1157 2564 1251 2617 Klaeee
1271 2584 1301 2604 a*

113 2644 158 2698 die
183 2644 268 2699 Scheu
296 2647 342 2700 dee
370 2645 518 2698 Trebatius
549 2662 599 2699 vor
633 2647 696 2700 dem
738 2646 1287 2712 Gladiatores,ietweiternichtsbelraun

112 2729 321 2798 Kriegsdienst:
339 2730 375 2783 da
393 2746 423 2782 er
441 2731 499 2783 sich
517 2747 547 2782 eo
557 2731 622 2783 weit
632 2747 695 2783 vom
738 2731 779 2783 als
807 2731 871 2785 dass
897 2731 937 2784 sie
954 2730 1087 2797 fochten,
1112 2729 1187 2783 ohne
1205 2729 1267 2783 eebn
1286 2749 1301 2767 n

112 2810 211 2866 Schuss
230 2813 300 2879 hiilt,
318 2813 356 2865 iet
373 2831 403 2867 er
420 2831 471 2882 gar
489 2813 568 2867 nicht
592 2813 696 2867 einmal
738 2813 859 2880 kdnnen,
868 2812 1163 2867 alsowahrscheinlich
1173 2812 1227 2865 mit
1235 2812 1267 2865 ε’
1289 2835 1296 2849 r

112 2896 270 2950 ordentlicb
289 2898 438 2965 equipiert.
465 2926 498 2935 —
523 2900 585 2950 eatis
602 2896 694 2966 calere]
739 2892 1297 2966 VisierohneAugenldcher(Friedldndc

112 2977 189 3032 ‘euch
218 2980 321 3033 echwiil
347 2998 440 3050 genug
457 2981 552 3034 wird':
588 2982 695 3036 Caclius
738 2980 954 3048 Darstellungen
985 2995 1034 3032 aue
1061 2980 1112 3032 der
1138 2979 1291 3040 statano

112 3061 177 3116 lam.
204 3063 285 3129 Vlll,
307 3066 336 3130 6,
361 3066 392 3116 4:
418 3066 551 3118 eiPartba'
568 3083 612 3117 voa
628 3067 695 3118 nibil
738 3064 823 3118 Rome
850 3064 894 3130 II,
920 3063 988 3131 330).
1026 3063 1082 3116 Min
1109 3062 1234 3116 camdeni
1268 3079 1297 3102 Μ’

113 3149 260 3213 calficiunt,
285 3166 332 3200 noa
356 3167 408 3200 non
425 3151 490 3201 nihil
501 3151 603 3216 fripore
619 3151 695 3215 ripae
741 3146 881 3201 natiirlich
911 3146 1047 3201 zundchst
1081 3146 1127 3200 die
1161 3142 1287 3199 wirkl'

113 3231 199 3281 amaa.
234 3229 301 3282 Man
330 3231 409 3285 hatte
439 3232 469 3284 in
494 3231 565 3285 Rom
591 3229 696 3284 bereits
739 3230 951 3284 britannischen
960 3228 1093 3299 gemeint,
1106 3245 1158 3283 vor
1166 3228 1254 3282 denen
1271 3249 1292 3271 ιν

113 3311 265 3365 Nachricht
292 3331 345 3367 von
372 3314 426 3368 den
447 3315 639 3384 Bewegungen
666 3315 696 3367 in
739 3313 888 3369 Trebatius
914 3314 944 3366 in
966 3314 1066 3367 weieer
1082 3310 1259 3379 Entlernung
1277 3333 1294 3366 zv

113 3395 239 3449 Gallien:
258 3396 333 3449 Caes.
351 3397 378 3450 b.
396 3397 427 3451 G.
442 3397 473 3464 V,
490 3400 523 3451 25
533 3398 552 3450 f.
569 3426 603 3435 -
622 3401 695 3450 tima·
739 3397 835 3451 halten
852 3397 932 3450 hatte
950 3396 981 3459 (s.
996 3397 1137 3448 menimis
1155 3397 1261 3461 φιλοθὲ

114 3477 195 3546 nan]
215 3479 351 3546 geradczu
370 3481 430 3534 hier
447 3481 500 3534 wie
517 3482 649 3535 zuweilen
667 3482 696 3535 in
739 3499 783 3548 ep.
793 3482 834 3547 35,
843 3482 881 3547 1J:
893 3476 1245 3547 vielleichtkamgereded·
1260 3499 1270 3518 o

114 3562 163 3615 der
181 3561 339 3615 familiaren
352 3563 472 3630 Sprache
490 3565 529 3616 im
539 3563 623 3618 Sinne
641 3582 695 3618 von
741 3566 803 3619 eine
821 3567 875 3617 Art
892 3563 1074 3617 Gladiatoren
1096 3562 1187 3615 dieses
1204 3560 1297 3615 Mon>

114 3648 290 3712 retinueram,
309 3647 360 3699 wie
377 3646 438 3699 Ter.
457 3646 540 3700 Haut.
558 3647 607 3714 Ill,
624 3650 649 3713 2,
666 3650 700 3701 20
742 3666 775 3701 zu
793 3646 865 3700 Rom
882 3648 911 3699 in
930 3646 1027 3710 Mode,
1055 3645 1114 3699 und
1131 3662 1162 3699 eo
1178 3645 1300 3713 gewinn

114 3751 147 3773 =
156 3731 220 3782 351:
240 3730 313 3796 Syre,
331 3732 375 3781 tihi
392 3733 468 3781 timia
476 3734 550 3783 male.
570 3729 698 3797 Seyffert·
740 3731 786 3784 die
796 3730 892 3783 Worbe
909 3729 990 3784 einen
1004 3728 1198 3783 echerzhaften
1207 3720 1298 3793 Doppfll

115 3813 216 3866 Miiller
234 3813 309 3866 Lael.
328 3811 353 3865 S.
372 3815 430 3865 221.
453 3841 484 3850 -
502 3817 697 3867 studiosissimae
742 3815 813 3867 sinn.

114 3900 186 3950 bonno
203 3895 327 3963 natandi]
346 3897 418 3950 diese
433 3897 559 3952 Vorliebe
577 3898 699 3952 desTre·
774 3899 797 3950 3.
815 3894 950 3960 bominem]
968 3896 1020 3949 den
1033 3894 1122 3948 Manu
1137 3894 1250 3961 (Clitar),
1277 3917 1298 3934 ν

114 3979 554 4049 batiusfiirSchwimmiibungeu
566 3982 605 4034 im
614 3982 699 4035 Tiber
741 3981 844 4034 tiirlich
863 3981 920 4033 also
938 3979 1010 4033 ohne
1027 3979 1101 4032 allen
1121 3978 1254 4033 veriichtli
1273 3997 1300 4018 ,a

115 4063 165 4117 hat
184 4063 273 4116 lloraz
300 4082 350 4116 vor
369 4068 466 4133 Augen
494 4069 545 4118 eat.
564 4066 602 4131 lI,
626 4070 649 4130 l,
666 4069 698 4118 8:
741 4060 1300 4132 Nebenbegriff.Vglunrervielonstela

120 4147 169 4199 Ter
194 4150 264 4199 iuncti
281 4158 435 4200 transnanto
463 4149 588 4213 Tiberim,
613 4167 698 4201 aonam
741 4149 817 4202 Verr.
836 4147 890 4214 lv,
915 4148 966 4212 66,
993 4162 1035 4199 wo
1058 4147 1108 4199 dae
1128 4145 1210 4199 Wort
1224 4142 1301 4197 aba

115 4232 203 4297 quibus
229 4241 263 4283 est
288 4250 351 4298 opna
376 4235 436 4284 alto.
462 4262 495 4271 -
516 4235 698 4285 andabata...
741 4233 858 4287 viermal
877 4230 1094 4284 nacheinander
1108 4224 1295 4299 gebrauchtitl

116 4315 286 4381 defraudare]
313 4317 496 4382 defraudare,
530 4315 585 4369 ‘um
613 4320 698 4369 etwas
741 4334 784 4384 ep.
802 4318 871 4383 ab,
890 4318 951 4368 Att.
968 4317 993 4376 2,
1010 4316 1034 4367 3.
1053 4341 1087 4351 -
1103 4308 1293 4377 dixmml‘d

117 4397 254 4466 bringen’,
272 4399 309 4451 ist
322 4399 452 4468 vulgarer
463 4400 624 4466 Auedruek3
642 4416 698 4454 was
741 4399 901 4454 wosenheit'
919 4398 950 4466 (s.
968 4416 1013 4466 ep.
1024 4400 1065 4463 30,
1084 4398 1119 4463 l),
1138 4398 1188 4453 wie
1203 4416 1258 4449 aon
1296 4419 1297 4422 ¹

112 4482 270 4537 reinbern
289 4500 345 4537 nur
362 4502 395 4538 zu
407 4484 475 4539 sehn
486 4484 549 4556 gab,
566 4488 700 4539 muesteet
744 4482 940 4537 llnweeenheit
959 4482 1035 4535 Verr.
1055 4480 1103 4549 IV,
1120 4484 1163 4537 ³4.
