2602 4890
615 212 660 268 Ad
677 213 742 269 lam.
758 212 807 280 1v,
821 216 847 268 4.

527 377 908 466 mmmmm

479 530 535 585 Sor.
553 530 659 586 Romae
676 532 710 585 A.
727 531 761 587 U.
779 531 807 587 C.
824 534 876 587 708
893 530 956 601 (46).

379 662 420 731 Μ.
444 662 601 729 CICERO
623 663 654 729 S.
675 663 715 732 D.
735 663 824 729 SEPa
845 663 1052 735 SULPICIO.

75 840 89 889 1
198 813 326 898 Accipio
348 815 585 881 exeusationem
606 818 707 897 tuam,
729 834 796 898 qua
816 835 894 879 usus
915 836 958 895 es,
981 835 1039 881 our
1056 816 1186 900 saepius
1203 818 1239 885 ad
1257 838 1291 887 ιιι

115 916 243 982 litteras
264 936 329 981 uno
351 915 495 999 exemplo
518 915 668 995 dedisses,
690 914 746 981 sed
768 916 891 999 accipio
913 938 952 982 ex
973 938 1013 982 ea
1029 922 1135 1000 parte,
1160 924 1292 1001 quatenu

115 1022 175 1082 aut
194 1015 399 1101 neglegentia
421 1022 479 1083 aut
500 1017 711 1101 improbitate
732 1037 858 1096 eorum,
881 1018 938 1101 qui
971 1018 1131 1102 epistulas
1155 1021 1257 1105 aeoip‘
1271 1053 1279 1077 ι

115 1117 186 1183 fieri
202 1118 325 1198 soribis,
347 1138 387 1183 ne
409 1117 452 1183 ad
477 1138 537 1183 nos
567 1117 791 1201 perferantur:
821 1118 913 1183 illam
942 1124 1069 1202 partem
1098 1122 1294 1207 excusationi,

116 1224 235 1303 quate
257 1217 370 1283 scribis
391 1218 548 1284 orationis
570 1224 766 1302 paupertate
787 1257 830 1266 -
851 1219 897 1284 sio
927 1220 1011 1284 enim
1046 1221 1194 1305 appellas
1217 1224 1292 1291 -ὶ

116 1320 187 1386 dem
210 1320 315 1385 rerbis
337 1319 492 1403 epistulas
522 1319 650 1403 saepius
680 1320 820 1400 mittere,
850 1340 909 1385 nec
939 1340 1038 1387 nosoo
1068 1343 1129 1388 nee
1157 1324 1297 1407 probos

116 1438 176 1503 ego
198 1420 276 1502 ipse,
299 1439 393 1502 quem
415 1425 452 1484 tu
473 1440 531 1501 per
552 1418 659 1485 iocum
676 1457 718 1468 -
735 1420 782 1485 sie
799 1422 885 1485 enim
905 1420 1027 1505 accipio
1043 1458 1087 1471 —
1103 1422 1232 1491 divitias
1245 1444 1294 1491 ιιι·

116 1519 215 1584 tionis
237 1518 356 1584 habere
386 1518 482 1600 diois,
516 1540 567 1584 me
597 1540 663 1583 non
694 1540 762 1586 esse
790 1518 961 1587 verborum
992 1520 1167 1589 admodum
1196 1524 1295 1609 inopen

117 1640 258 1711 agnosco
280 1658 322 1669 -
344 1620 576 1704 εἰρωνεύεσθαι
605 1620 691 1685 enim
722 1641 787 1686 non
821 1642 947 1687 neeesse
976 1628 1026 1688 est
1054 1661 1105 1703 —‚
1136 1624 1194 1691 sed
1213 1632 1295 1692 tamn

117 1721 201 1785 idem
221 1758 263 1768 -
284 1742 343 1786 nec
366 1722 426 1786 hoe
447 1721 691 1806 εἰρωνευόμενος
709 1762 751 1775 -
768 1722 864 1789 facile
881 1723 959 1789 cedo
978 1729 1112 1790 tuorum
1130 1728 1296 1811 seriptorm

117 1820 294 1886 subtilitati
316 1827 349 1886 et
370 1820 556 1903 elegantiae.

76 1938 93 1989 2
203 1921 379 1986 Consilium
400 1927 504 2000 tuum,
527 1941 592 2005 quo
613 1925 760 1988 tensum
783 1922 897 1988 soribis
927 1923 990 1989 hoe
1018 1923 1197 1991 Achaicum
1225 1944 1295 2009 nep

117 2022 200 2088 tium
221 2044 285 2087 non
305 2023 511 2101 recusavisse‚
530 2042 603 2086 aum
621 2042 746 2105 semper
763 2023 993 2106 probavissem,
1012 2029 1082 2089 tum
1100 2026 1205 2093 multo
1221 2026 1297 2111 magi

117 2121 254 2207 probavi
274 2124 365 2188 lectis
382 2122 449 2188 tuis
478 2124 633 2207 proximis
664 2121 800 2203 litteris3
833 2144 943 2189 omnes
973 2126 1058 2190 enim
1086 2146 1213 2208 causae,
1239 2144 1297 2212 qus

118 2245 356 2304 commemoras,
379 2224 574 2290 iustissimae
596 2230 672 2289 sunt
693 2230 816 2309 tuaque
838 2233 871 2291 et
897 2226 1095 2292 auctoritate
1125 2234 1158 2293 et
1187 2228 1295 2313 pruden-

117 2326 167 2390 tia
187 2325 401 2407 dignissimae.
444 2323 538 2401 Quod
560 2324 656 2389 aliter
677 2323 828 2392 cecidisse
848 2346 918 2392 rem
939 2326 1114 2408 existimas,
1138 2334 1236 2412 atque
1250 2326 1295 2413 opi

118 2430 215 2491 natus
237 2425 288 2503 sis,
308 2425 343 2489 id
364 2424 425 2490 tibi
445 2424 534 2489 nullo
555 2424 652 2491 modo
673 2423 848 2493 adsentior.
885 2425 948 2492 Sed
977 2428 1057 2511 qnia
1082 2434 1179 2495 tanta
1199 2436 1296 2515 pertun·

119 2527 210 2592 batio
232 2531 265 2590 et
286 2526 429 2591 confusio
452 2531 501 2590 est
523 2546 641 2604 rerum,
663 2526 712 2591 its
733 2526 881 2610 peroulsa
902 2532 935 2592 et
956 2533 1124 2612 prostrata
1141 2528 1298 2595 foedissime

91 2692 98 2711 .,
119 2627 206 2695 bello
227 2629 333 2692 iacent
354 2627 471 2705 omnia,
494 2632 532 2691 ut
552 2627 579 2690 is
601 2627 719 2710 cuique
739 2627 838 2704 loeus,
859 2627 918 2692 ubi
939 2629 1007 2711 ipse
1025 2629 1077 2708 sit,
1100 2633 1134 2694 et
1156 2628 1220 2694 sibi
1234 2630 1296 2715 qub-

120 2751 184 2813 que
205 2729 404 2793 miserrimus
426 2748 493 2793 esse
515 2727 672 2807 videatur,
695 2733 868 2811 propterea
891 2735 923 2794 et
944 2731 995 2793 tui
1023 2729 1151 2794 consilii
1181 2728 1298 2814 paenitd

120 2837 153 2896 te
174 2835 207 2895 et
227 2851 294 2909 nos,
317 2829 375 2913 qni
397 2827 483 2893 domi
506 2849 626 2908 sumus,
648 2827 711 2894 tibi
733 2828 820 2894 beati
841 2829 995 2911 videmur,
1027 2833 1062 2894 at
1088 2836 1205 2895 contra
1233 2850 1295 2897 ιιιι

154 3102 209 3157 ΟΠ.
235 3088 310 3156 [lber
327 3100 438 3155 Servius
455 3098 591 3168 Sulpicius
606 3115 641 3152 zu
659 3115 703 3167 ep.
745 3099 803 3153 und
820 3098 898 3152 klare
914 3099 1134 3170 Entwielrelung
1151 3102 1200 3155 des
1213 3101 1239 3157 Ι·
1253 3129 1264 3147 «v
1289 3124 1292 3136 ·

120 3189 161 3240 80.
196 3186 235 3238 Ει
254 3186 415 3239 verwaltete
441 3183 470 3236 in
495 3183 599 3236 diesem
616 3181 703 3236 dabre
744 3184 871 3250 ekpwatio
899 3181 989 3250 (nieht
1023 3182 1176 3253 ‘Eleganzb
1205 3186 1254 3239 aui
1282 3209 1284 3226 ·

122 3269 236 3336 Aobaja.
270 3268 361 3322 Einen
378 3267 525 3334 Hauptteil
537 3264 584 3319 des
597 3264 702 3319 Briefes
743 3265 1273 3337 spraohriohtigeundangemssseneF
1289 3295 1296 3310 ι

122 3351 210 3405 bildet
219 3351 263 3404 die
273 3350 458 3405 ausliihrliehe
466 3348 619 3403 Naebriebt
632 3349 701 3403 iiber
776 3352 800 3402 2.
817 3351 863 3403 boo
880 3351 1022 3404 Aebairam
1039 3350 1178 3421 πῳοιίιιιιι]
1196 3353 1265 3407 eben
1283 3373 1292 3395 ›·

122 3435 167 3488 die
186 3433 389 3503 Begnadigung
414 3433 463 3487 des
489 3432 527 3486 M.
550 3432 705 3487 Marcellus.
748 3431 1014 3489 Statthaltersohaft.
1039 3462 1075 3472 -
1097 3434 1293 3505 diffamant

157 3522 180 3571 1.
206 3520 304 3569 litteras
328 3535 380 3568 uno
398 3514 520 3585 exemplo]
538 3516 596 3569 ΑΕ.
613 3517 654 3571 55,
671 3543 705 3552 -
747 3515 796 3569 der
809 3515 881 3570 Med.
894 3516 1299 3587 vorhernoehsthatrermu

122 3621 153 3656 ea
170 3620 201 3655 ea
216 3610 301 3667 purte,
317 3598 454 3668 quotenne]
473 3617 527 3652 nur
535 3599 564 3652 in
582 3615 612 3652 so
630 3600 703 3665 weit,
744 3599 906 3655 Lehmann:
923 3611 947 3654 et
962 3603 1268 3671 prudentiaetdipaitots
1279 3602 1296 3644 ,f

123 3686 163 3739 als
183 3725 190 3738 .
209 3725 215 3738 .
234 3724 240 3736 .
259 3713 292 3720 —
309 3681 447 3750 arripiam]
474 3699 523 3735 zur
540 3682 703 3752 Besorgnng
744 3686 874 3737 absimus.
891 3686 1221 3741 -tdtibr'aullomodo
1246 3723 1256 3732 .-

122 3766 325 3837 eingehdndigt
351 3766 488 3820 erhalten.
513 3792 547 3803 -·
566 3769 636 3834 fleri,
661 3766 702 3834 aa]
745 3765 790 3820 iob
807 3766 884 3820 kann
901 3783 930 3821 es
948 3767 1027 3821 niobt
1051 3772 1104 3837 gut
1122 3770 1244 3839 heisten,
1273 3797 1277 3817 ι

122 3854 178 3908 ΡΑ.
205 3854 240 3920 11,
268 3854 309 3918 92,
333 3853 358 3904 2.
386 3876 415 3887 -
447 3848 529 3917 norro]
564 3849 703 3903 Kenntnis
746 3850 784 3904 dn
801 3867 860 3904 nun
888 3850 941 3905 mit
969 3851 1066 3907 deinsr
1091 3851 1224 3925 Stellung
1249 3873 1296 3909 ιι·Δ

123 3938 241 3992 uebmen
259 3936 317 3990 und
334 3933 443 4004 priifen,
459 3935 536 4000 probo
561 3935 602 3987 als
628 3935 706 3987 wahr
748 3933 853 3988 frieden
871 3932 945 4000 bist3
967 3934 1042 3989 donn
1066 3934 1113 3991 bei
1139 3937 1194 3992 deu
1208 3938 1299 4007 petay.

123 4021 319 4075 anerlrennen:
345 4019 407 4073 dem
440 4017 567 4072 Juristen
594 4014 705 4069 Servius
749 4017 959 4071 Verhitltnissen
977 4018 1014 4071 ist
1031 4036 1060 4073 es
1072 4019 1145 4075 doeh
1155 4020 1257 4076 immet
1279 4046 1296 4065 ιΥ

123 4121 157 4157 an
175 4103 258 4157 Liebe
275 4099 706 4171 dieetwasgravitdtisehesmt·
748 4117 807 4167 ser,
835 4100 865 4154 in
894 4100 944 4155 der
968 4100 1059 4157 Ferme
1083 4102 1125 4156 als
1151 4120 1182 4158 so
1208 4122 1277 4174 pann

123 4187 195 4240 liobe
213 4186 330 4241 Formel.
347 4215 380 4226 -
397 4187 500 4239 dutiae
521 4188 644 4239 aaronis
660 4187 705 4239 ta·
747 4200 862 4239 nnserer
878 4183 957 4239 Nb'he
973 4204 1008 4240 zu
1025 4185 1094 4241 sein.
1128 4186 1301 4242 ObneZwai

122 4268 188 4337 tere]
206 4271 261 4339 vgl.
287 4287 330 4339 ep.
347 4271 389 4336 54,
412 4273 485 4323 1.-
503 4268 704 4338 εἰρωνεύεσθαι]
747 4271 854 4323 musste
876 4266 1013 4335 Sulpicius
1040 4269 1071 4323 iu
1096 4270 1191 4325 seiuer
1207 4270 1294 4325 Psoi

124 4353 184 4407 siah
198 4355 298 4419 zieren,
314 4355 359 4409 die
368 4352 704 4422 Wabrheitverltugnen.
747 4352 809 4407 dem
815 4350 1030 4421 Sommelplatze
1039 4352 1128 4407 rieler
1136 4370 1278 4425 versprsu
1291 4377 1301 4394 ι

124 4462 155 4477 -
174 4440 305 4490 adalbeti
330 4448 353 4491 et
377 4436 527 4506 dequarius]
554 4437 610 4507 vgl.
627 4436 706 4492 Brut.
747 4436 940 4506 Pompsjaner‚
956 4435 1089 4491 Manohes
1106 4435 1181 4491 tlrun
1205 4438 1292 4496 oder

120 4523 189 4590 1545
209 4522 337 4577 subtilitas
360 4521 430 4594 geht
456 4521 505 4577 aui
528 4521 573 4577 die
597 4521 706 4592 prdaise
747 4520 977 4586 sehehenlassen,
994 4534 1052 4575 was
1065 4518 1117 4575 ilrn
1126 4520 1301 4591 mmvergn':
