2602 4890
55 186 85 257 t]
185 236 188 241 .
437 188 483 245 Ad
498 188 564 244 fam.
582 188 629 257 VI,
644 192 669 245 6.
1088 193 1151 259 363

55 374 88 434 ι;
107 374 193 439 quae
214 355 277 423 etsi
298 376 361 422 non
383 360 460 420 sunt
489 357 629 423 certiora
661 355 735 437 illis,
766 356 874 422 minus
893 363 1001 423 tamen
1029 357 1151 423 habent

55 454 225 521 ‚sauritatis
245 456 298 520 vel
320 455 447 521 erroris.
858 474 860 481 ·

57 560 192 620 utantur
213 560 322 620 autem
342 555 423 621 mibi
451 554 493 621 ad
519 554 729 621 dimnandum
750 556 842 640 signa
862 558 983 643 duplici
1008 558 1150 642 quadam
1174 567 1198 621 8

55 676 167 721 uarum
189 654 327 721 alteram
348 656 431 722 duco
453 677 471 722 e
493 655 630 723 Caesare
650 658 732 740 ipso,
764 659 903 725 alteram
925 679 943 723 a
963 666 1145 742 temporum

55 777 82 820 m
104 763 223 823 natura
245 762 344 840 atque
366 757 501 824 ratione.
544 757 582 823 In
604 757 742 823 Caesare
763 759 841 824 haec
862 765 955 824 sunt:
978 759 1066 824 mitis
1088 759 1149 825 ole-

56 878 96 922 ue
116 861 246 937 natura,
268 857 374 941 qualis
395 857 586 941 exprimitur
607 859 774 942 praeclaro
803 857 859 923 illo
889 859 975 924 libro
997 858 1149 937 Querela-

55 976 185 1037 uarum3
208 956 340 1037 accedit,
363 957 450 1041 quod
471 956 605 1023 mirifice
626 956 762 1040 ingeniis
784 958 1024 1037 excellentibus,
1054 959 1151 1042 quala

55 1078 116 1136 um,
138 1057 338 1136 delectatur3
369 1062 536 1141 praeterea
558 1057 643 1123 cedit
664 1057 842 1124 multorum
864 1057 960 1124 iustis
982 1067 1015 1124 et
1042 1058 1149 1124 officio

55 1159 89 1238 is,
111 1178 177 1223 nou
199 1156 351 1223 inanibus
373 1164 431 1223 aut
451 1156 632 1223 ambitiosis
654 1158 891 1236 voluntatibus,
913 1159 946 1223 in
969 1179 1035 1242 quo
1057 1158 1149 1223 vehe-

55 1280 67 1321 r
89 1278 161 1323 eum
183 1257 383 1323 consentiens
400 1258 535 1323 Etruria
552 1259 702 1324 movebit
745 1257 810 1325 Cur
828 1259 909 1325 haee
924 1260 1024 1343 igitur
1042 1259 1148 1325 adbuc
1172 1272 1195 1325 a

55 1383 60 1421 ι
83 1357 313 1441 profecerunt?
340 1357 425 1436 Quia
446 1379 511 1423 non
533 1364 629 1441 putat
660 1380 693 1424 se
723 1360 881 1425 sustinere
912 1380 1026 1425 causas
1056 1380 1149 1443 posse

55 1480 129 1532 rum,
150 1457 178 1523 si
199 1458 274 1536 tibi,
304 1459 356 1524 cui
376 1460 492 1524 iustius
522 1459 652 1524 videtur
681 1458 778 1524 irasci
809 1480 917 1544 posse,
949 1460 1148 1528 concesserit.

82 1564 131 1623 est
153 1557 284 1641 igitum,
313 1559 449 1642 inquies,
484 1579 575 1642 >spes
606 1559 647 1624 ab
679 1559 809 1625 iratol‹
842 1560 965 1626 Eodem
997 1561 1086 1627 fonte
1116 1582 1149 1627 se

55 1679 136 1723 rrum
159 1658 328 1741 intelleget
348 1659 461 1725 laudes
492 1680 575 1738 suas,
605 1680 623 1724 e
652 1680 718 1743 quo
748 1663 791 1725 sit
822 1661 936 1727 leviter
966 1660 1147 1746 adspersus

57 1779 111 1823 mo
132 1759 229 1824 homo
251 1759 344 1825 valde
367 1765 415 1825 est
433 1766 549 1826 acutus
570 1768 603 1825 et
621 1761 760 1824 multum
780 1761 970 1843 providens3
990 1761 1150 1845 intellegit

55 1860 170 1925 minem
191 1865 224 1925 in
246 1866 341 1943 parte
362 1861 478 1927 ltaliae
495 1861 624 1927 minime
642 1863 874 1928 contemnenda
891 1863 987 1928 facile
1004 1864 1147 1928 omnium

55 1963 176 2026 ssimum
197 1966 230 2026 et
250 1965 283 2025 in
307 1963 469 2026 communi
491 1983 524 2026 re
546 1962 679 2046 publica
708 1963 809 2028 cuivis
840 1985 1040 2029 summorum
1072 1968 1149 2029 tuae

55 2062 131 2126 ivel
162 2062 291 2144 ingenio
322 2062 372 2127 vel
402 2063 510 2144 gratia
540 2062 589 2127 vel
612 2063 701 2129 fama
731 2066 844 2148 populi
867 2064 1004 2130 Romani
1026 2086 1147 2149 parem,

55 2185 122 2229 osse
144 2163 312 2247 prohiberi
334 2186 369 2230 re
390 2164 523 2247 publica
544 2165 685 2244 diutius;
718 2164 806 2231 nolet
828 2167 889 2231 hoc
912 2168 1068 2250 temporis
1091 2187 1148 2249 po-

55 2285 98 2328 sse
121 2264 298 2347 aliquando
320 2264 511 2330 beneficium
533 2286 630 2349 quam
652 2267 717 2330 iam
734 2286 837 2331 suum.

55 2502 443 2571 -aewarnendellnzaichant
464 2503 520 2557 Von
563 2519 592 2557 es
610 2502 647 2556 ist
664 2503 713 2556 der
730 2505 886 2573 zwangloss
913 2504 970 2558 und
996 2504 1082 2558 daber
1098 2519 1147 2556 um

55 2590 85 2638 st
103 2585 166 2640 hier
183 2586 227 2639 die
243 2586 341 2640 zweite
359 2586 417 2640 und
434 2586 522 2640 dritta
563 2603 593 2639 ιο
621 2587 745 2641 wahrere
773 2588 919 2641 Ausdruck
943 2588 1033 2642 seiner
1061 2574 1148 2640 llber-

55 2687 63 2737 ζ
89 2673 224 2738 genennt,
251 2670 308 2723 und
334 2687 407 2722 zwar
427 2674 521 2723 unter·
562 2686 699 2739 zeugung.
726 2701 757 2711 -—
783 2674 893 2739 inperiis
921 2668 1072 2738 delectatur]
1092 2671 1146 2738 vgl.

55 2769 142 2804 zman
168 2753 213 2806 bei
232 2753 284 2806 den
302 2752 409 2822 Vligeln
436 2753 520 2821 (Fest.
562 2770 606 2820 ep.
623 2756 665 2819 98,
682 2758 714 2808 2:
726 2757 803 2821 sanct
819 2756 934 2823 inponite.
954 2755 1147 2807 -comentteas

65 2839 199 2890 oscines
215 2856 274 2890 acca
286 2840 387 2906 Appius
397 2837 521 2890 Claudius
562 2836 684 2905 Etruria]
718 2838 764 2892 die
799 2838 986 2906 einstimmige
1018 2836 1041 2889 F
1042 2836 1148 2889 iirbittc

72 2938 139 2987 quae
154 2939 197 2974 ore
214 2932 334 2975 canantes
348 2924 457 2988 saciant
473 2943 521 2975 au·
562 2919 655 2975 deines
674 2922 893 2976 Haimatlandes.

118 3006 226 3071 alites,
243 3008 369 3073 quacalie
382 3009 519 3069 accolam·
595 3010 619 3062 9.
636 3005 769 3074 sustinere]
787 3008 878 3073 aspari
891 3008 978 3058 multia
984 3024 1065 3073 posse.
1089 3004 1148 3058 Ma·

55 3085 214 3141 bechtenda
235 3088 312 3142 steht
337 3090 409 3142 nach
427 3089 518 3143 Siiden
561 3093 667 3146 nutius.
686 3120 717 3130 -
729 3094 825 3145 Eodem
837 3090 921 3157 fonte]
940 3108 989 3144 aus
1001 3090 1146 3144 derselben

55 3174 88 3235 et,
105 3171 163 3223 und
189 3189 243 3225 von
261 3171 354 3238 Oeten,
380 3174 439 3226 also
465 3191 519 3228 von
561 3176 658 3239 Foder,
675 3176 726 3229 wie
745 3176 794 3228 wir
812 3192 897 3244 engen
915 3173 1148 3238 nertennaco

55 3270 158 3307 emman
168 3254 213 3308 die
222 3256 374 3324 giinstigan
383 3256 519 3324 Zeichen3
561 3260 619 3313 ihm
637 3260 714 3312 daun
732 3259 791 3313 sein
809 3258 869 3311 Lob
891 3257 1009 3311 lliessen.
1044 3257 1145 3311 Cicina

55 3337 207 3390 ihnerlrass
221 3341 286 3390 kam
295 3356 324 3392 es
334 3340 413 3394 nicht
422 3341 522 3395 darauf
563 3343 649 3397 selbot
666 3346 729 3412 sagt
747 3342 776 3396 in
803 3343 907 3397 seinem
934 3341 1024 3396 Briele
1050 3359 1086 3395 an
1104 3341 1146 3395 ci·

55 3439 71 3474 n
99 3421 143 3474 die
160 3420 241 3474 Tiere
260 3421 374 3490 frassen,
400 3424 520 3477 sondern
562 3445 624 3483 caro
641 3428 707 3481 fam.
725 3427 802 3493 VI,7‚
823 3431 852 3480 l:
869 3429 1085 3494 compresseram
1099 3428 1146 3479 arl-

55 3522 60 3554 ι
78 3503 158 3557 dabei
176 3504 198 3556 F
200 3509 276 3558 ulter
295 3506 378 3559 lallan
406 3508 519 3573 liessen;
562 3514 612 3565 tua
629 3515 681 3564 uili
697 3530 794 3579 poenae
810 3514 875 3564 dem,
892 3540 925 3549 -
942 3513 1029 3564 lenter
1041 3513 1145 3579 adsper-

57 3587 520 3659 bihnendaherMehlbreilpulr)‚
562 3595 613 3664 aua]
637 3596 689 3648 mit
715 3597 764 3649 der
789 3595 818 3648 in
845 3595 895 3648 der
919 3595 992 3648 Einl.
1015 3595 1144 3649 citierten

64 3688 95 3723 ea
104 3689 204 3722 aecem
216 3681 272 3723 erat
283 3674 384 3741 aliquid
394 3676 521 3740 decidere,
563 3679 648 3733 Stella
658 3679 775 3733 Suetons
785 3680 896 3732 stimmt
905 3679 962 3733 dies
973 3680 1050 3731 nicht
1065 3696 1144 3746 ganz.

55 3756 165 3820 1²²1le
184 3757 305 3820 fawel?
340 3757 399 3810 dies
433 3758 519 3813 heisst
561 3762 1146 3832 RichtigerkliirtManutinsdiesenWidor·

55 3858 79 3890 m
96 3841 263 3902 ⁸0l2'8l2'mum5
300 3843 446 3908 tripudium
480 3860 519 3892 θο-
560 3848 678 3917 spruch:
700 3849 784 3902 Oiccro
801 3858 896 3914 autem,
921 3866 953 3901 ue
969 3866 1039 3914 apem
1060 3848 1145 3900 Caeci·

55 3921 160 3976 scheint
177 3924 222 3977 ein
243 3941 296 3978 von
315 3925 455 3980 Geriinsch
473 3926 519 3979 be·
560 3949 611 3984 nae
635 3933 736 3983 minuat
760 3934 850 3984 maiae
874 3932 1065 3998 impetrandae,
1091 3949 1144 3983 noa

55 4007 518 4063 sFressenderHtihnerzulmdeu·
558 4016 634 4068 valde
659 4018 756 4068 lacuum
772 4017 804 4067 ab
829 4034 855 4068 eo
877 4016 1011 4067 Gaesarem
1027 4016 1144 4080 ostendit,

60 4101 185 4143 noverunt
195 4090 314 4159 certiora]
333 4093 392 4148 hier
410 4095 517 4163 spricht
559 4108 583 4151 et
599 4100 771 4152 laudationem
788 4101 950 4152 accusatione
966 4100 1089 4151 maiorem
1102 4117 1143 4151 ca·

55 4192 100 4241 pur
116 4173 226 4229 Cicero!
555 4183 675 4249 pectam
699 4192 837 4249 propterea
862 4183 893 4234 dc
918 4183 1040 4234 laudibus
1061 4184 1142 4235 dixin

56 4258 244 4328 ia...uarura]
257 4259 301 4314 bei
310 4261 412 4315 diesem
427 4261 518 4316 Urteil
559 4265 737 4329 ‘haustus-um,
762 4285 811 4333 quo
836 4268 909 4319 verbo
932 4268 1008 4333 copia
1041 4267 1141 4319 demon

60 4342 130 4395 iiber
143 4342 228 4396 Citsar
245 4344 350 4397 winken
368 4345 446 4398 nicht
464 4346 516 4400 wie
558 4359 664 4416 stratur,
681 4352 713 4402 dc
728 4351 844 4416 probriu:
870 4350 965 4403 ‘leuiter
988 4352 1140 4418 adspersue'.

57 4426 153 4480 Reden
180 4443 231 4494 pro
247 4427 362 4496 Ligario
389 4429 445 4482 und
464 4446 515 4498 pro
557 4460 591 4471 -
613 4431 781 4500 mmmmm]
808 4432 877 4486 iiber
902 4433 947 4487 die
973 4434 1060 4487 durch
1086 4435 1141 4488 dan

55 4528 68 4564 ι
94 4512 206 4566 tussers
232 4510 423 4567 Riiolrsichtsn
449 4514 514 4568 mit:
557 4514 659 4569 Zusatz
676 4526 738 4569 tuac
755 4517 847 4570 aetatis
871 4517 1059 4586 ermbgliolrte
1073 4516 1152 4571 snt·
