2602 4890
107 194 169 258 288
546 190 592 247 Ae
608 193 672 247 arr.
690 190 766 260 vm,
783 196 815 247 11
833 191 866 247 n.
1175 190 1201 263 [s

107 359 238 440 iturum,
267 376 419 442 eramque
446 357 480 423 in
508 377 704 441 spemagna
733 357 803 423 fore
823 361 862 423 ut
882 356 916 425 iu
938 356 1040 424 Italis
1060 377 1201 442 possemus

108 459 309 526 concordiam
330 459 535 538 constituere,
557 478 623 541 qua
644 457 725 523 mihi
741 457 822 523 nihil
839 457 952 525 utilius
967 458 1146 538 videbatur,
1160 462 1201 523 aut

108 560 270 644 publicam
292 580 420 625 summa
440 579 514 625 cum
536 559 696 643 dignitate
713 558 900 625 defendere:
923 558 1055 625 interim
1076 558 1201 624 nondum

107 660 226 726 litteris
247 660 290 726 ad
311 664 344 725 te
364 658 498 742 perlatis
520 680 560 725 ex
588 659 629 724 iis
657 659 838 737 mandatis,
869 678 953 746 quae
974 659 1012 725 D.
1034 657 1144 726 Laelio
1166 657 1200 723 ad

109 760 192 826 sulcs
202 759 347 840 dederas,
368 760 488 826 certior
509 759 559 825 tui
581 759 706 826 consilii
722 761 828 825 factus
848 780 914 826 non
931 759 1125 843 exspectavi,
1140 759 1201 823 dun

110 880 131 925 a
151 865 185 924 te
205 860 333 926 litterae
353 859 574 939 redderentur,
595 860 828 943 confestimque
849 881 922 926 cum
942 860 978 939 Q.
1000 860 1104 927 fratrc
1123 866 1155 926 et
1173 880 1201 925 cu

69 967 86 1020 2
110 960 194 1025 beris
216 960 335 1026 nostris
357 962 419 1026 iter
442 960 484 1026 ad
504 966 538 1026 te
559 960 593 1024 in
614 961 764 1043 Apuliam
787 960 892 1026 facere
913 961 1013 1045 coepi.
1064 960 1144 1027 Cum
1166 960 1201 1025 Te

110 1058 286 1124 Sidicinum
312 1061 479 1140 venissem,
503 1059 536 1125 G.
557 1059 703 1140 Messius,
725 1059 894 1125 familiaris
916 1066 1007 1140 tuus,
1038 1061 1119 1125 mihi
1139 1060 1201 1125 dixi

109 1179 173 1243 que
198 1160 375 1244 complures
395 1161 566 1226 Caesarem
587 1160 650 1225 iter
667 1159 788 1225 habere
806 1158 948 1243 Capuam
962 1164 995 1225 ct
1012 1180 1050 1225 co
1067 1159 1137 1243 ipso
1156 1159 1201 1225 dic

111 1280 221 1324 surum
254 1281 322 1326 esse
344 1261 531 1326 Aeserniae:
564 1281 642 1326 sans
663 1281 735 1325 sum
757 1264 946 1340 commotus,
976 1260 1076 1343 quod,
1107 1260 1136 1325 si
1155 1261 1199 1326 ita

110 1379 175 1425 non
196 1360 293 1427 modo
314 1363 376 1427 iter
398 1381 504 1426 meum
525 1361 746 1441 interclusum,
768 1360 823 1426 sed
841 1359 1015 1443 meipsum
1032 1362 1129 1445 plane
1147 1381 1200 1426 exc

111 1458 288 1541 putabam;
309 1461 420 1543 itaque
441 1468 513 1526 tum
530 1459 623 1527 Gales
645 1460 793 1545 processi,
815 1465 852 1525 ut
871 1461 919 1527 ibi
940 1460 1145 1544 potissimum
1164 1482 1201 1526 co]

111 1578 189 1639 rem,
203 1559 281 1624 dum
291 1566 416 1626 certum
424 1561 518 1627 nobis
527 1561 569 1626 ab
579 1560 733 1626 Aesernia
743 1559 782 1626 de
792 1581 839 1640 eo,
848 1559 935 1644 quod
946 1560 1121 1640 audieram,
1131 1561 1201 1626 refe:

69 1659 87 1712 8
195 1658 238 1723 At
258 1658 346 1740 mihi,
369 1680 442 1725 cum
459 1660 591 1726 Calibus
611 1680 721 1740 essem,
743 1658 888 1726 adfertur
904 1657 1091 1724 litterarum
1109 1664 1201 1726 tuaru

114 1757 264 1842 emplum,
296 1781 378 1844 quas
404 1767 441 1826 tu
464 1761 507 1826 ad
528 1761 701 1828 Lentulum
719 1760 880 1827 consulem
902 1760 1048 1825 misisses.
1091 1759 1159 1826 Eae
1179 1781 1201 1824 s(

113 1858 159 1923 sic
180 1867 292 1925 erant:
322 1861 449 1927 litteras
471 1861 573 1927 tibia
595 1862 629 1927 L.
651 1861 793 1927 Domitio
813 1883 842 1927 a
864 1860 894 1927 d.
915 1888 973 1929 xm
993 1859 1068 1926 Kal.
1085 1859 1201 1927 Martia

114 1964 166 2024 tas
187 1980 265 2041 esse,
296 1981 472 2045 earumque
493 1964 673 2048 exemplum
694 1962 940 2046 subscripseras,
969 1963 1145 2045 magnique
1165 1962 1201 2025 im

114 2162 200 2217 ahnte
210 2163 596 2233 CiceroPompejus’Absicht
609 2165 699 2220 wohl:
740 2161 829 2231 (Galea
841 2164 964 2232 procer&
982 2179 1072 2233 gagen
1089 2162 1201 2217 Casilini

115 2263 149 2299 zu
165 2262 209 2313 ep.
227 2247 259 2300 65
278 2248 335 2302 und
352 2250 398 2316 663
423 2266 472 2302 um
489 2265 520 2302 so
536 2248 700 2303 wirksamer
741 2247 851 2302 lrommt
876 2245 919 2300 bit
945 2245 1086 2301 Galea-
1105 2247 1133 2299 0.
1161 2249 1201 2299 Me

116 2328 184 2381 tritt
201 2328 244 2383 die
262 2330 607 2400 sarkastiscthendung
624 2342 647 2386 te
660 2334 699 2387 rei
739 2348 782 2399 ep.
800 2334 842 2396 21,
858 2333 883 2385 7.

113 2413 233 2479 publicos
249 2431 329 2466 cocao
350 2434 424 2468 mora
448 2417 622 2468 transituum
639 2416 699 2468 her·
771 2416 796 2468 3.
813 2415 960 2467 litterarum
977 2410 1096 2480 mam]
1114 2413 1166 2467 dor
1183 2412 1201 2464 V

116 2510 173 2548 vor.
194 2524 222 2535 -
241 2497 277 2550 D.
295 2497 397 2566 Laelio]
416 2498 562 2566 Pompejus
589 2497 698 2552 schrieb
738 2495 777 2549 ist
804 2498 866 2549 Att.
894 2495 966 2562 VIII,
984 2497 1042 2563 6,2
1068 2496 1201 2566 mitgetei

115 2593 152 2630 sn
178 2577 224 2632 die
248 2579 374 2635 Konsuln
400 2582 430 2634 in
455 2582 519 2635 dem
546 2583 607 2635 stt.
625 2581 698 2649 VIII,
738 2580 780 2632 23.
805 2578 913 2646 Febr.):
939 2581 1038 2633 litterae
1063 2582 1129 2633 mihi
1153 2583 1201 2633 ol

117 2664 183 2717 12A
200 2663 488 2732 mitgeteiltenBriefe
505 2663 561 2732 53:
580 2667 614 2718 D.
633 2667 697 2720 Loa·
738 2665 773 2715 rto
790 2681 816 2715 a.
833 2665 859 2716 d.
876 2663 958 2716 XIII
980 2663 1095 2717 Kalend.
1119 2666 1201 2718 Mart.

116 2738 154 2800 lio'
175 2749 350 2815 mandorum,
383 2750 450 2816 prod
474 2749 584 2801 maiores
611 2751 698 2817 copiae
738 2755 816 2807 eruam
841 2763 933 2798 aarum
957 2749 1104 2813 coemptum
1130 2749 1201 2814 infre

115 2833 251 2898 speratam
267 2850 314 2884 ooo
330 2833 469 2900 habituros,
485 2842 522 2898 at,
538 2835 560 2885 ri
577 2834 645 2885 cobis
660 2833 697 2884 oi·
738 2830 827 2894 Nara,
843 2838 872 2881 ut
888 2848 931 2896 epo
948 2848 1001 2882 aon
1017 2832 1137 2895 cordam,
1164 2842 1201 2882 tue

115 2916 225 2982 welca,
242 2918 366 2968 alteruter
390 2925 502 2969 cedrum
520 2918 557 2968 ad
572 2934 613 2970 me
629 2917 697 2969 acai-
738 2922 761 2966 tc
777 2914 923 2980 ictalloqara
938 2915 999 2977 seio,
1023 2916 1115 2981 quanti
1144 2917 1183 2968 rei

116 3008 160 3065 ret,
186 3002 253 3052 alar
277 3002 306 3052 ia
332 2999 451 3052 Siciliam
475 3017 533 3052 oum
559 3017 590 3052 co
615 3001 697 3066 copia,
739 2999 846 3061 inarato,
871 2999 952 3050 omnia
976 2999 1063 3065 copias
1079 3000 1109 3050 in
1138 3017 1201 3052 aaut

116 3101 194 3150 prom
216 3083 322 3150 Oopcoc
348 3092 372 3136 et
398 3084 468 3135 circo
487 3083 605 3151 Capuam
634 3101 698 3136 com·
735 3083 823 3148 primo
841 3099 938 3149 quoque
959 3089 1071 3148 tempore
1098 3085 1201 3135 moeni

20 3214 25 3223 ,
112 3169 237 3232 parastis,
254 3176 278 3219 at
293 3184 351 3218 cam
368 3168 400 3218 iis
408 3168 538 3231 militibus,
554 3167 699 3234 quanoue
739 3164 831 3217 citici
847 3166 990 3231 uidebitur,
1007 3166 1081 3217 dedic
1105 3183 1201 3233 operar

117 3258 170 3301 etur
187 3252 252 3316 repit,
266 3251 477 3316 proficisceretur.
737 3249 854 3314 primum
876 3249 913 3300 ad
936 3265 983 3301 nor
1007 3250 1103 3316 aerim,
1132 3268 1201 3316 proc

152 3334 176 3384 2.
198 3334 315 3384 Teanam
341 3331 494 3400 Sidioiuwm]
521 3332 614 3387 Gicero
642 3345 701 3386 war
736 3349 817 3399 puae,
832 3342 959 3399 quactum
981 3335 1165 3386 coactaret
1181 3353 1201 3386 a

118 3431 183 3468 vom
200 3413 380 3469 Formianum
397 3415 465 3469 iiber
478 3415 625 3469 Minturnii
643 3415 700 3469 und
740 3416 881 3483 relinquor.
898 3414 976 3470 Nach
991 3415 1087 3483 jonam
1105 3416 1185 3470 Brief

118 3497 168 3551 das
185 3497 306 3566 Gebirge
323 3498 393 3552 nach
403 3498 525 3553 Teanum
535 3500 700 3569 gekommen
741 3496 811 3552 hielt
828 3498 921 3553 cicero
939 3498 984 3552 die
1001 3498 1159 3553 Nachrioht
1176 3517 1201 3554 vr

119 3581 168 3635 suf
184 3581 234 3635 der
252 3582 302 3634 Via
319 3580 431 3648 Latina,
448 3582 493 3636 die
509 3587 567 3636 esst
590 3582 635 3637 bei
652 3582 702 3637 Ga·
741 3580 830 3649 pejus’
849 3580 990 3649 Depcsche
1017 3583 1068 3635 auf
1082 3582 1189 3637 seinem

119 3664 233 3718 silinnm
259 3664 290 3717 in
315 3663 360 3719 die
381 3663 432 3719 Via
448 3665 543 3733 Appia
568 3665 702 3744 mindet3
742 3681 809 3718 num
827 3663 898 3732 (51),
916 3665 996 3719 nicht
1022 3665 1052 3718 in
1080 3664 1168 3719 Celes.

115 3748 263 3816 jedenfells
297 3763 356 3800 war
391 3749 466 3802 aeine
488 3748 612 3816 Absioht,
647 3765 702 3803 von
743 3747 903 3816 uberhaupt
920 3749 976 3813 auf,
994 3748 1057 3803 dass
1075 3748 1195 3803 erseine

118 3831 243 3886 Teanum
261 3830 423 3885 dieStraese
441 3831 514 3884 links
532 3850 565 3885 zu
582 3831 703 3897 withlen,
742 3847 797 3886 von
814 3831 892 3885 Cales
918 3830 1121 3885 nachlformid
1148 3831 1178 3885 in

112 3932 167 3968 um
184 3915 254 3968 iiber
268 3914 353 3967 Allifai
371 3913 546 3969 undTelesia
563 3914 634 3977 nach
653 3914 703 3968 Be·
743 3914 834 3969 Briefc
856 3931 908 3984 gar
925 3915 1004 3969 nicht
1031 3914 1168 3969 erwdhnt.

120 4002 223 4052 nevent
253 3997 311 4051 und
332 3997 409 4051 dann
434 3997 505 4050 nach
522 3996 703 4052 Brundisium
743 4000 784 4065 67,
801 4002 826 4054 7.
846 4026 879 4036 -
896 3997 1043 4066 scripseras]
1060 3997 1133 4051 nach
1145 4001 1201 4051 arba

120 4099 153 4134 zu
178 4081 331 4151 gelangen3
359 4098 413 4136 von
436 4080 520 4135 C'dsar
545 4078 703 4135 bellirohtet
743 4081 820 4135 kann
846 4081 1018 4136 namentlich
1042 4082 1082 4134 im
1099 4079 1201 4135 Briefst

122 4180 161 4230 er,
177 4182 208 4219 ar
224 4154 526 4219 mdchtevonllsernia
539 4161 701 4229 (mittenim
744 4164 894 4233 auffallen,
920 4165 991 4220 wird
1017 4162 1146 4219 dberdies
1169 4163 1201 4217 du

120 4247 386 4317 Samnitergebirge,
402 4248 442 4301 im
459 4246 560 4302 Gebiet
577 4247 703 4302 dchen-
743 4248 935 4303 Deutliehlrcit
952 4247 1112 4317 gefordert,
1137 4246 1175 4300 da
1193 4263 1201 4299 ι

121 4333 192 4400 trer)
211 4332 256 4386 die
272 4332 380 4386 Strassc
406 4332 461 4387 den
479 4330 629 4386 Volturnus
655 4331 702 4385 ab·
743 4331 871 4387 InfinitIv
897 4332 968 4401 folgt
997 4331 1055 4385 und
1088 4346 1146 4384 ron
1178 4348 1201 4383 rr

121 4417 207 4471 witrts
228 4414 297 4470 iiber
314 4414 465 4470 Venafrum
487 4415 617 4470 kommcn
643 4416 701 4470 und
742 4434 789 4468 ror
806 4416 851 4470 ein
869 4414 1096 4482 Nominclobjekt
1122 4413 1201 4468 abblir

273 4516 307 4555 nr
323 4516 382 4553 nun
399 4498 467 4570 geht
483 4516 514 4556 er
531 4499 635 4570 gerarde
651 4515 700 4553 aus
743 4526 775 4537 -
800 4517 853 4567 quaa
877 4494 983 4567 miqui]
1006 4497 1057 4553 dae
1078 4498 1201 4568 suegela
