2602 4890
164 182 204 247 70
662 179 706 232 no
725 181 784 233 au.
796 180 818 246 1,
837 180 878 233 ro.
1261 176 1295 247 [n

118 352 141 405 4.
164 347 366 411 vehementer
387 345 667 428 permovebantur.
709 343 780 423 Hic,
810 351 850 411 ut
878 365 1026 429 quaeque
1056 365 1106 409 res
1136 344 1180 411 ad
1202 344 1295 411 consil

161 447 273 530 primis
303 446 578 530 postulationibus
613 446 834 525 referebatur,
865 444 1060 511 incredibilis
1095 451 1168 511 erat
1207 465 1295 509 sever]

161 547 252 613 nulla
273 552 432 612 varietate
453 547 703 612 sententiarum:
734 546 817 611 nihil
836 546 1035 630 impetrabat
1056 565 1150 624 reus;
1181 545 1256 628 plus
1276 566 1295 611 a

162 647 264 712 satori
285 646 436 726 dabatur,
458 667 556 730 quam
578 646 784 729 postulabat,
805 646 1035 729 triumphabat
1052 682 1094 695 -
1116 645 1197 728 quid
1219 666 1295 728 quae

162 786 202 798 -
224 747 418 812 Hortensius
440 768 473 813 se
494 747 609 813 vidisse
629 754 777 827 tantum;
808 768 903 813 nemo
926 752 1006 827 erat,
1028 749 1085 830 qui
1106 746 1200 811 illum
1222 766 1295 810 reun

163 869 227 915 non
249 848 355 913 milies
376 848 626 914 condemnatum
648 849 874 914 arbitraretur.
916 848 969 912 Me
998 867 1073 912 vero
1104 851 1186 911 teste
1213 845 1292 928 prod

164 948 259 1015 oredo
282 953 314 1013 te
336 970 375 1014 ex
397 948 627 1014 acclamatione
649 947 753 1014 Clodii
775 949 1007 1013 advocatorum
1029 946 1165 1027 audisse,
1189 967 1274 1029 quae

163 1049 318 1113 surrectio
336 1048 477 1113 iudicum
491 1049 576 1113 facta
588 1049 640 1127 sit,
658 1057 696 1113 ut
713 1070 764 1113 me
781 1048 1062 1128 circumsteterint,
1075 1053 1112 1112 ut
1130 1054 1242 1130 aperte
1260 1047 1295 1119 iu¹

163 1170 223 1214 sua
243 1171 303 1232 pro
326 1171 396 1214 meo
418 1149 524 1233 capite
546 1148 580 1213 P.
603 1148 713 1214 Clodio
735 1130 966 1215 ostentarintz'
979 1169 1064 1231 quae
1094 1148 1174 1211 mihi
1195 1168 1248 1212 res
1268 1169 1295 1211 m

163 1250 425 1315 honorificentior
441 1250 510 1313 visa
527 1255 577 1313 est
594 1269 693 1331 quam
711 1253 769 1313 aut
787 1249 853 1327 illa,
876 1269 948 1313 cum
966 1249 1075 1313 iurare
1096 1248 1146 1312 tui
1163 1249 1247 1312 cives
1268 1247 1295 1312 X

164 1357 285 1415 cratem
315 1350 536 1415 testimonium
567 1349 725 1413 dicentem
754 1349 1011 1432 prohibuerunt,
1052 1355 1110 1413 aut
1140 1369 1214 1413 oum
1242 1348 1295 1413 tah

164 1449 285 1514 Metelli
307 1448 477 1529 Numidici,
504 1470 577 1514 cum
607 1469 672 1529 eae,
703 1454 740 1512 ut
770 1470 838 1513 mos
868 1455 924 1526 est,
954 1447 1247 1526 circumferrentur,
1270 1470 1295 1511 n

164 1550 284 1614 iudices
303 1552 443 1632 aspicere
460 1550 649 1628 noluerunt;
668 1549 770 1613 multo
789 1549 878 1628 haec,
898 1551 1039 1632 inquam,
1059 1556 1172 1614 nostra
1190 1570 1242 1613 res
1261 1571 1295 1612 m

122 1650 281 1733 altaque
311 1651 453 1714 iudicum
482 1649 624 1728 vocibus,
655 1670 728 1713 cum
758 1669 817 1731 ego
848 1649 894 1713 sic
915 1649 957 1714 ab
979 1649 1026 1728 iis,
1059 1657 1096 1714 ut
1126 1650 1216 1714 salus
1237 1655 1294 1732 pat

166 1750 362 1831 defenderer,
386 1752 507 1816 fractus
537 1772 612 1815 reus
632 1758 665 1814 et
688 1771 753 1815 una
774 1751 905 1833 patroni
935 1770 1044 1814 omnes
1073 1749 1295 1815 conciderunt:

199 2072 224 2122 4.
242 2068 303 2137 Ere]
318 2068 376 2122 und
394 2068 623 2134 nun,unddoch:
641 2071 749 2123 aulam.
792 2095 822 2104 -
840 2072 1009 2122 cormac-rectio
1028 2108 1035 2120 .
1053 2108 1060 2120 .
1078 2109 1084 2121 .
1101 2069 1180 2135 facto
1193 2064 1235 2133 eir]
1254 2065 1295 2118 die

168 2153 200 2219 V,
218 2156 250 2207 15
277 2152 331 2220 (ep.
351 2152 419 2219 117),
435 2155 459 2205 4.
477 2180 511 2189 —
530 2154 748 2223 praelationibus]
791 2151 959 2220 schreibung
975 2151 1063 2206 durch
1076 2154 1168 2219 facere
1187 2149 1230 2217 (zu
1241 2166 1284 2217 ep.

168 2236 343 2290 technischer
360 2235 508 2289 Ausdruek
534 2237 579 2288 fiir
595 2236 751 2293 Forderun·
792 2235 849 2288 und
887 2235 937 2288 das
971 2236 1074 2289 seltene
1111 2233 1294 2288 Verholsubst

169 2337 224 2388 gen
242 2320 288 2374 des
307 2320 471 2387 Ankliigers,
490 2319 541 2371 wie
560 2320 683 2374 nachher
700 2320 751 2387 §5
793 2317 874 2386 (N'a'g.
900 2318 941 2371 St.
966 2321 1016 2384 57,
1042 2319 1068 2386 ll
1094 2320 1187 2372 malem
1218 2318 1273 2370 den

169 2404 214 2456 die
228 2403 391 2471 Forderung
404 2402 480 2456 einer
493 2402 689 2458 Sohutzwache
702 2421 752 2457 zur
793 2402 918 2456 Moment
930 2402 1150 2456 ansehaulicher:
1168 2401 1295 2469 vgl.ep.l

170 2486 315 2555 Beratung
341 2486 449 2539 hommt
476 2485 600 2553 (referam
621 2490 656 2539 ad
673 2491 751 2540 conci-
793 2515 827 2524 -
844 2488 1014 2538 Xenocratem
1091 2487 1188 2538 Metelli
1205 2481 1295 2550 Num]

169 2573 243 2636 lium,
262 2570 315 2637 eig.
333 2586 383 2622 vor
401 2570 454 2622 den
472 2569 667 2637 Gerichtshof).
689 2570 752 2640 Vgl.
794 2570 881 2624 Balbo
899 2573 929 2623 ll
949 2569 979 2623 i:
997 2571 1142 2621 cudioihoc
1158 2569 1190 2621 de
1203 2578 1295 2635 parcen

169 2653 248 2707 Rosc.
266 2655 329 2705 Am.
347 2657 394 2708 77:
419 2656 486 2706 oobda
506 2655 637 2720 oqeatibua
655 2658 753 2723 aliquo·
791 2673 872 2722 puer:
901 2672 959 2706 cum
981 2655 1011 2717 Q.
1029 2654 1146 2705 maculer
1168 2654 1201 2706 L.
1219 2655 1253 2705 F.
1270 2651 1295 2717 (l

169 2739 234 2791 tiene
259 2739 322 2789 duos
343 2755 426 2789 cernor
442 2747 564 2804 paternos
585 2740 614 2789 ia
630 2741 753 2806 quaesti>-
795 2739 881 2803 dicus,
907 2754 960 2790 oos.
988 2734 1046 2803 109)
1072 2754 1178 2788 caucam
1207 2737 1239 2788 de
1259 2754 1295 2803 pc

168 2840 227 2875 nem
248 2823 280 2873 ab
297 2822 455 2873 adoermriic
471 2820 529 2873 Sec.
547 2823 653 2873 Roeciw
666 2832 753 2889 pontu·
795 2824 939 2890 repetendis
948 2823 1051 2881 diceret,
1062 2861 1068 2873 .
1079 2859 1101 2872 ..
1116 2821 1295 2886 cumipcc'uetc

169 2908 241 2958 lmrit.
255 2934 288 2945 -
299 2903 484 2972 triumphabat]
497 2905 528 2957 in
542 2904 633 2958 dieser
649 2905 754 2958 Bedeu·
795 2902 1089 2973 (Reohnungsbiioher)
1095 2904 1295 2969 circumferrent·

171 2994 243 3057 tung
260 2989 344 3043 sehon
362 2988 407 3042 bei
425 2988 529 3041 Torenz
552 3007 575 3041 n.
592 2986 624 3040 B.
643 2986 753 3041 Phorm.
795 2990 920 3056 apicieudc'
935 2988 1047 3039 nominis
1064 3005 1152 3051 causa,
1164 2987 1252 3052 fuisse
1267 2987 1295 3036 iu

169 3072 220 3138 III,
237 3074 261 3139 3,
279 3073 415 3137 10:5433
438 3070 492 3139 vgl.
510 3071 610 3124 Caesar
627 3072 688 3122 Au.
705 3071 753 3137 IX,
796 3112 803 3126 .
821 3111 828 3124 .
846 3112 852 3125 .
870 3074 1003 3133 neminem,
1020 3072 1084 3138 quin
1100 3079 1239 3122 removeret
1255 3087 1295 3121 ocu

171 3156 213 3222 16,
230 3157 254 3207 2.
270 3184 305 3193 —
321 3157 383 3224 qaid
399 3152 528 3222 cenerici]
547 3156 617 3206 um's
634 3154 703 3207 korz
720 3173 754 3208 zu
794 3165 915 3209 aetolum
932 3164 1063 3219 coemeret,
1080 3171 1113 3206 oe
1123 3155 1281 3222 forte,quod

171 3254 265 3306 sagen,
282 3238 438 3292 natiirlich:
464 3237 587 3292 lebhafte
605 3236 688 3290 Form
706 3237 754 3291 der
795 3239 1295 3305 coccaputlicaereuclusetfluhitau«

170 3321 440 3391 Umgangssprachc.
458 3319 669 3388 Vgl.ep.13,4;
687 3321 753 3375 Hor.
795 3340 880 3390 qucum,
897 3340 1019 3375 omumuc
1045 3340 1081 3373 aa
1097 3323 1204 3389 flatrum
1228 3333 1295 3387 met,

170 3406 253 3473 epist.
272 3405 292 3470 l,
320 3408 359 3469 10,
376 3406 401 3458 8.
418 3434 451 3443 ·-
468 3407 559 3458 ridicae
584 3403 696 3472 tantem]
723 3422 754 3457 so
794 3416 874 3459 retur.
895 3434 923 3444 -
943 3407 1049 3458 Athenio
1073 3407 1162 3471 aiunt,
1188 3424 1247 3458 cum
1272 3424 1295 3473 qr

171 3488 239 3557 klug
263 3505 406 3556 gowesen3
431 3489 499 3556 imp.
526 3488 573 3542 Gn.
591 3489 687 3557 Pomp.
704 3491 754 3542 64:
796 3490 870 3557 apud
886 3506 934 3552 eor,
950 3490 996 3556 qai
1007 3498 1093 3541 conde
1103 3491 1293 3557 praedocere

170 3575 213 3626 cio
238 3583 323 3625 arcem
349 3591 391 3624 ooo
406 3575 468 3639 plue
483 3582 539 3624 tum
555 3574 585 3623 ia
602 3591 630 3626 re
647 3575 755 3639 publico
797 3573 877 3640 (eben
891 3570 1295 3633 Xenolsrates,oinSchlilerPl

170 3657 268 3708 vidoro
286 3653 408 3720 (tieferor
425 3654 523 3722 Blick).
543 3684 571 3693 —
590 3654 673 3723 reum]
691 3658 756 3724 prb·
796 3658 965 3709 caemcntum
986 3657 1089 3722 publice
1105 3657 1210 3708 diuum
1226 3664 1258 3722 et,
1283 3674 1295 3706 o

171 3738 290 3793 dikativ.
307 3767 341 3776 -
358 3742 400 3792 Me
425 3759 484 3793 cero
501 3750 518 3792 t.
532 3739 670 3808 producto]
692 3740 754 3794 eine
800 3742 959 3793 Graecorum
976 3748 1018 3804 cet,
1035 3741 1147 3791 iurandi
1164 3756 1247 3792 cauco
1263 3740 1295 3789 ud

170 3823 201 3876 in
230 3823 283 3877 den
314 3822 424 3877 Briefen
451 3823 530 3877 nicht
555 3825 659 3877 seltene
686 3827 756 3877 Aus—
797 3824 1007 3888 accedentum
1023 3841 1080 3876 occe
1095 3825 1178 3875 munic
1192 3824 1295 3887 iudices,

172 3907 274 3960 nahmo
287 3925 342 3961 von
360 3907 408 3960 der
418 3905 504 3975 Regel
520 3906 572 3960 ΕΒ.
581 3910 630 3962 327
649 3911 681 3961 A.
690 3907 756 3974 2,b;
797 3909 905 3972 iuraret,
931 3909 1091 3958 reclamacio.
1108 3933 1142 3943 -
1168 3908 1208 3958 toi
1232 3906 1295 3958 cicer

172 3989 317 4060 abhingig
335 3990 372 4043 ist
389 3991 439 4043 der
451 3989 599 4044 Ausdruck
616 3990 667 4044 wie
685 3991 755 4043 auch
797 3990 923 4043 Athener
948 3989 1048 4042 hatten
1065 3989 1178 4043 Atticus
1197 3989 1247 4043 das
1265 3989 1295 4041 Bi

171 4094 203 4129 ec
214 4076 397 4128 acclamatione
413 4075 496 4126 Clodii
509 4076 690 4127 aduocatorum
701 4091 755 4127 von
797 4073 877 4128 recht
903 4073 1043 4126 schenken
1069 4073 1168 4125 wollen
1186 4072 1247 4140 (quo
1263 4074 1295 4125 ba

172 4161 388 4212 consurrectio..
407 4160 563 4224 .factaer't.
583 4186 611 4197 -
639 4159 713 4210 credo
731 4168 756 4210 te
796 4160 841 4211 ille
856 4160 896 4210 are
911 4159 994 4209 uoluit
1011 4155 1082 4222 Nep.
1100 4157 1162 4208 Att.
1176 4158 1201 4222 3,
1220 4154 1258 4223 1):
1276 4174 1295 4208 n

172 4240 660 4310 caduce]sogarinEpirus;dioselbe
670 4228 755 4294 liber-
797 4240 998 4308 destoweniger
1032 4238 1139 4292 konnte
1170 4256 1203 4293 er
1228 4240 1275 4293 liir

172 4324 306 4394 treibnng
324 4326 366 4391 14,
390 4327 417 4377 4:
443 4327 616 4378 ...conduc
641 4335 754 4378 nostroe:
798 4322 1035 4392 Athenergelten
1054 4322 1145 4390 (ib.4,
1164 4321 1199 4390 1).

172 4410 240 4461 tanti
263 4410 382 4475 fueruat,
407 4419 438 4462 ut
464 4427 507 4477 eoo
531 4428 560 4463 eo
584 4411 683 4462 brevior
699 4410 756 4473 dm,
831 4410 856 4462 5.
872 4410 943 4461 caluo
955 4403 1074 4475 patrica]
1102 4406 1183 4461 nicht
1204 4422 1278 4475 ganz

200 4494 241 4547 aa
252 4510 293 4547 eor
305 4511 386 4561 euque
401 4494 500 4547 istinc
515 4495 648 4547 exauditor
657 4502 756 4561 praem
797 4501 919 4558 servator,
927 4500 1098 4555 marmora,
1110 4489 1161 4545 dos
1172 4488 1295 4545 (liceret
