2602 4890
110 184 171 247 m
435 200 438 209 ·
612 180 845 247 mmma
1131 146 1208 251 'p

111 347 178 431 qui,
201 367 272 411 cum
295 345 354 411 abs
376 354 408 410 tc
429 344 586 410 mandata
606 344 749 426 haberet,
773 348 812 409 ut
828 345 953 425 scribis,
976 344 1017 411 de
1039 346 1189 414 omnibus

110 448 179 531 ipse
199 447 241 512 ad
267 467 317 512 me
346 467 411 511 non
433 444 582 524 venisset,
615 444 743 511 litteras
776 450 854 512 tuas
878 447 1028 527 misisset,
1063 468 1148 531 quas
1172 450 1208 512 in¹

110 549 272 614 breviores
296 547 404 626 luisse,
442 546 528 631 quod
562 566 636 611 eum
669 547 875 629 perlaturum
908 555 1065 631 putasses.
1113 548 1208 615 Sedt

114 656 288 733 postquam
311 654 385 712 tuas
407 646 533 711 litteras
554 646 637 739 legi,
658 647 828 714 Postumia
857 659 917 714 tua
944 670 995 713 me
1018 650 1169 715 convenit
1194 671 1208 715 e

114 751 185 815 vius
207 754 335 814 noster:
358 746 408 811 his
429 746 561 831 placuit,
583 753 622 811 ut
642 751 681 810 tu
702 748 736 810 iu
757 746 940 814 Cumanum
958 751 1091 830 venires,
1114 751 1204 833 quod

116 871 242 917 mecum
263 856 301 913 ut
323 849 366 914 ad
388 855 421 913 te
443 847 615 912 scriberem
636 855 781 931 egerunt.

69 953 87 1005 2
195 948 290 1027 Quod
310 970 418 1014 meum
440 948 608 1014 consilium
629 948 780 1033 exquiris,
798 949 833 1013 id
850 955 899 1014 est
916 949 990 1030 tale,
1003 956 1043 1014 ut
1060 971 1176 1033 capere
1194 952 1208 1015 l

110 1054 179 1136 ipse
195 1050 314 1135 possim
335 1069 434 1131 quam
455 1048 551 1114 alteri
573 1048 668 1128 dare,
690 1048 875 1131 quidecim
897 1056 954 1128 est,
978 1049 1066 1133 quod
1089 1050 1208 1116 audeat

111 1152 188 1217 dere
209 1150 281 1230 tibi,
308 1149 433 1215 homini
461 1169 586 1214 summa
614 1149 811 1214 auctoritate
841 1170 1029 1232 summaque
1050 1149 1208 1233 prudenti

111 1251 190 1335 quid
211 1252 424 1316 rectissimum
444 1249 497 1329 sit,
519 1249 713 1333 quaerimus,
732 1250 937 1333 perspicuum
961 1256 1028 1329 est;
1055 1252 1093 1332 si,
1117 1253 1197 1335 quid

112 1373 162 1418 me
184 1351 342 1435 expediat,
365 1350 555 1428 obscurum;
577 1352 627 1415 sin
648 1350 672 1413 ii
689 1371 809 1430 sumus,
828 1352 885 1433 qui
901 1352 1045 1435 profecto
1064 1373 1132 1419 esse
1156 1353 1208 1418 del

111 1461 152 1519 ut
171 1452 254 1517 nihil
274 1450 472 1517 arbitremur
494 1450 654 1533 expedire,
675 1450 738 1514 nisi
759 1449 846 1533 quod
864 1458 988 1515 rectum
1007 1452 1208 1537 honestumq‘

113 1574 177 1620 non
199 1558 309 1636 potest
330 1572 397 1617 esse
420 1550 565 1631 dubium,
588 1551 666 1633 quid
687 1551 871 1616 faciendum
891 1551 986 1617 nobis
1008 1552 1059 1619 sit.

71 1668 89 1719 3
196 1650 290 1728 Quod
308 1650 472 1716 existimas
488 1670 592 1715 meam
610 1670 741 1716 causam
759 1650 964 1716 coniunctam
982 1673 1050 1717 esse
1068 1673 1141 1718 cum
1157 1661 1208 1719 tua

114 1753 226 1818 similis
248 1751 282 1815 in
303 1758 443 1834 utroque
464 1757 621 1829 nostrum,
649 1771 723 1815 cum
744 1751 865 1834 optime
894 1752 1097 1834 sentiremus,
1129 1777 1208 1821 error

114 1875 190 1920 uam
214 1852 323 1919 omnia
345 1852 515 1933 utriusque
537 1850 671 1916 consilia
692 1851 734 1916 ad
756 1851 961 1917 concordiam
990 1860 1208 1938 spectaverunt

115 1976 188 2020 cum
208 1953 271 2037 ipsi
289 1952 419 2018 Caesari
439 1951 521 2016 nihil
541 1962 626 2017 esset
641 1951 771 2037 utilius,
793 1953 932 2034 gratiam
949 1974 1080 2038 quoque
1096 1977 1158 2022 nos
1180 1957 1208 2020 in

115 2077 153 2122 eo
174 2052 373 2121 defendenda
394 2073 474 2137 pace
495 2053 756 2134 arbitrabamur;
777 2062 936 2137 quantum
945 2075 1005 2121 nos
1014 2056 1167 2123 fefellerit
1176 2067 1208 2123 et

114 2155 276 2220 inlocum
298 2174 349 2218 res
371 2153 511 2219 deducta
531 2154 584 2233 sit,
606 2152 702 2219 vides.
744 2153 855 2238 Neque
877 2155 982 2220 solum
999 2176 1037 2221 ea
1054 2158 1208 2240 perspicis

113 2263 273 2339 geruntur
295 2275 442 2338 quaeque
463 2255 529 2319 iam
550 2260 643 2336 gesta
662 2262 749 2336 sunt,
772 2255 828 2320 sed
850 2256 949 2322 etiam
978 2258 1036 2340 qui
1069 2277 1208 2324 cursus]

115 2357 173 2440 qui
193 2357 298 2421 exitus
316 2356 446 2419 futurus
467 2356 527 2419 sit:
549 2375 626 2438 ergo
650 2361 707 2421 aut
728 2355 868 2439 probare
891 2365 1021 2441 oportet
1043 2379 1090 2439 ea,
1113 2380 1199 2442 quae

115 2464 173 2523 aut
195 2457 357 2535 interesse,
376 2456 475 2521 etiam
496 2456 525 2520 si
546 2476 611 2521 nou
632 2456 767 2540 probes;
790 2478 929 2541 quorum
958 2458 1063 2523 altera
1092 2459 1174 2524 mihi
1206 2482 1208 2490 ·

74 2566 91 2616 4
117 2557 222 2623 altera
251 2557 349 2621 etiam
374 2557 558 2639 periculosa
583 2556 669 2622 ratio
696 2557 832 2624 videtur.
884 2558 1007 2638 Restat,
1029 2565 1067 2623 ut
1094 2559 1208 2625 disoed

83 2676 86 2683 ·
115 2664 243 2742 putem3
266 2658 299 2721 in
321 2677 386 2740 quo
408 2656 534 2739 reliqua
555 2656 682 2722 videtur
712 2679 780 2723 esse
801 2657 1002 2739 deliberatio,
1034 2661 1122 2742 quod
1153 2682 1208 2725 con

115 2781 149 2824 m
167 2759 317 2838 discessu,
336 2778 419 2841 quae
436 2758 507 2824 loca
524 2778 708 2841 sequamur.
751 2758 889 2826 Omnino
907 2781 979 2824 cum
997 2759 1146 2825 miserior
1163 2784 1208 2827 res

116 2880 215 2942 quam
238 2858 365 2937 accidit,
388 2864 459 2922 tum
479 2878 520 2922 ne
543 2857 733 2923 deliberatio
755 2857 886 2941 quidem
913 2859 1095 2926 difficilior:
1127 2863 1208 2927 nihil

115 2960 271 3026 constitui
291 2964 408 3042 potest,
431 2959 518 3041 quod
540 2978 604 3023 non
625 2958 773 3025 incurrat
793 2960 828 3023 in
850 2980 1000 3042 magnam
1023 2961 1169 3044 aliquam
1187 2963 1208 3026 d

116 3068 225 3128 tatem.
268 3059 327 3139 Tu,
346 3060 373 3126 si
391 3059 560 3138 videbitur,
582 3060 630 3125 ita
647 3080 757 3125 censeo
775 3059 885 3140 facias,
903 3068 950 3140 ut,
972 3061 1000 3126 si
1017 3060 1120 3127 habes
1137 3063 1203 3129 iam

116 3170 198 3242 tum,
220 3161 298 3245 quid
319 3161 382 3227 tibi
403 3160 563 3243 agendum
584 3165 688 3242 putes,
719 3161 753 3225 in
774 3181 839 3243 quo
861 3180 925 3226 nou
955 3160 999 3225 sit
1020 3162 1208 3229 coniunctm

119 3419 244 3485 9‚1gar:
261 3418 369 3469 menius
378 3418 495 3482 bominis,
512 3432 589 3483 quum
607 3413 701 3466 insulsi
744 3414 830 3465 Fallit
845 3431 893 3479 me,
918 3414 969 3465 nisi
994 3432 1034 3466 ute
1055 3416 1137 3481 fallit
1163 3421 1206 3470 ste

118 3510 141 3555 et
149 3518 228 3567 quam
236 3518 312 3566 saepe
318 3518 368 3567 pro
378 3500 498 3567 Pompeio
507 3499 664 3552 mentientis!
673 3523 701 3533 -
743 3496 941 3563 unpersiinlich
951 3496 1023 3550 ohne
1033 3497 1083 3551 das
1093 3497 1208 3566 Subjekl

118 3581 702 3650 oeubsmlitterus]iiberdasAsyndetonzu
744 3579 811 3633 oder
835 3581 864 3631 id
888 3581 957 3647 qaod
973 3582 1063 3646 sopito,
1082 3583 1194 3634 arbitror

119 3685 163 3736 ep.
180 3670 207 3734 5,
222 3669 247 3721 8.
264 3694 298 3705 -
312 3663 488 3734 perlaturum]
507 3665 703 3720 miindlieb.-
744 3662 800 3730 vgl.
827 3678 871 3730 ep.
890 3665 947 3727 140,
963 3664 995 3716 2:
1020 3681 1189 3731 qisamquom,

120 3752 223 3806 Servim
239 3749 332 3818 meter]
352 3749 402 3803 der
419 3749 509 3803 Sohn:
526 3764 556 3803 er
573 3765 631 3802 war
649 3748 704 3801 mit
739 3747 860 3813 fallebat,
878 3764 919 3798 res
935 3764 961 3799 se
978 3748 1014 3799 sic
1031 3748 1147 3800 saumas
1182 3748 1208 3802 ΟΞ

121 3837 209 3890 seines
227 3834 329 3889 Vaters
346 3832 550 3902 Einwilligung
567 3852 601 3887 zu
619 3834 705 3888 Glisas
747 3834 878 3898 antragte
912 3829 941 3882 in
977 3829 1027 3884 der
1054 3830 1208 3885 Senatssitz

122 3917 381 3974 naohBrundisium
389 3916 625 3985 gegaugen,jetzt
636 3917 704 3970 aber
747 3913 819 3968 Rom
836 3930 910 3967 zwar
936 3930 1006 3967 neue
1024 3914 1208 3970 Friedensunt

121 4003 222 4056 wieder
231 4021 265 4055 zu
273 3999 462 4069 denSeinigen
474 3999 704 4068 zuriickgekehrt.
746 3997 851 4065 lungeu
869 3996 923 4050 mit
932 3998 1090 4066 Pompejus,
1107 4000 1197 4053 allein

155 4088 180 4140 2.
197 4083 373 4153 ratissimum]
390 4086 456 4137 ‘was
465 4082 555 4137 Recht
564 4082 622 4135 und
630 4081 705 4137 Ehre
748 4081 801 4134 mit
818 4081 866 4134 der
883 4099 913 4136 er
930 4098 1021 4152 gagen
1039 4082 1165 4151 Spanien
1191 4102 1208 4137 a

123 4170 281 4238 verlangt'3
298 4169 353 4238 vgi
371 4167 478 4222 Matius
496 4183 540 4234 ep,
560 4168 616 4232 131,
634 4167 706 4220 ὅπη·
747 4165 847 4235 zeigte,
863 4165 928 4219 dass
947 4182 977 4218 er
987 4166 1058 4219 doch
1069 4166 1126 4220 den
1137 4167 1208 4231 Krie,

123 4255 200 4306 sentis
216 4255 335 4323 expedire
352 4262 417 4306 recte
428 4253 499 4320 fieri.
745 4277 779 4286 -
788 4259 833 4300 out
843 4246 968 4316 interesse]
986 4268 1049 4302 uos:
1067 4249 1137 4303 oder
1146 4250 1208 4305 ‘wer

157 4338 180 4389 3.
198 4354 258 4389 cum
274 4338 367 4404 optim
382 4332 543 4402 sentiremus]
553 4333 597 4388 die
606 4333 704 4388 beaten
747 4331 806 4385 Teil
823 4332 912 4386 daran
929 4332 1049 4387 nehmen
1059 4373 1066 4387 .
1076 4372 1100 4387 ..
1119 4334 1208 4388 uiimli

125 4420 279 4475 Abaicbten
295 4418 413 4488 hatten3
435 4419 505 4474 iiber
522 4418 571 4473 das
589 4417 702 4473 Adverb
746 4414 799 4468 wir
815 4416 845 4468 in
862 4415 964 4470 Italieu
982 4414 1103 4470 bleiben.

230 4504 275 4573 29,
293 4508 319 4559 1.
332 4534 365 4547 -
374 4514 501 4576 mutum
512 4522 559 4559 uos
567 4500 707 4572 fefellerat
779 4502 805 4553 4.
821 4503 844 4554 εἰ
855 4498 991 4568 videbitur]
1008 4498 1100 4555 ‘weun
1116 4518 1148 4557 es
1156 4502 1202 4557 dir
