<?xml version="1.0" encoding="UTF-8"?>
<!DOCTYPE html PUBLIC "-//W3C//DTD XHTML 1.0 Transitional//EN"
    "http://www.w3.org/TR/xhtml1/DTD/xhtml1-transitional.dtd">
<html xmlns="http://www.w3.org/1999/xhtml" xml:lang="en" lang="en">
 <head>
  <title>
</title>
<meta http-equiv="Content-Type" content="text/html;charset=utf-8" />
  <meta name='ocr-system' content='tesseract 3.04.00' />
  <meta name='ocr-capabilities' content='ocr_page ocr_carea ocr_par ocr_line ocrx_word'/>
</head>
<body>
  <div class='ocr_page' id='page_1' title='image "./epistulaeselect00boecgoog_0238.png"; bbox 0 0 2602 4890; ppageno 0'>
   <div class='ocr_carea' id='block_1_1' title="bbox 58 188 1156 264">
    <p class='ocr_par' dir='ltr' id='par_1_1' title="bbox 58 188 1156 264">
     <span class='ocr_line' id='line_1_1' title="bbox 58 188 1156 264; baseline -0.003 -15"><span class='ocrx_word' id='word_1_1' title='bbox 58 194 72 264; x_wconf 87' lang='lat'>.]</span> <span class='ocrx_word' id='word_1_2' title='bbox 435 191 479 245; x_wconf 80' lang='lat' dir='ltr'>uu</span> <span class='ocrx_word' id='word_1_3' title='bbox 497 193 557 244; x_wconf 78' lang='lat' dir='ltr'>acc.</span> <span class='ocrx_word' id='word_1_4' title='bbox 575 188 607 258; x_wconf 88' lang='lat' dir='ltr'>v,</span> <span class='ocrx_word' id='word_1_5' title='bbox 626 194 665 247; x_wconf 84' lang='lat' dir='ltr'>ro.</span> <span class='ocrx_word' id='word_1_6' title='bbox 1099 194 1156 256; x_wconf 80' lang='lat'>221</span> 
     </span>
    </p>
   </div>
   <div class='ocr_carea' id='block_1_2' title="bbox 56 356 1209 2050">
    <p class='ocr_par' dir='ltr' id='par_1_2' title="bbox 56 356 1209 2050">
     <span class='ocr_line' id='line_1_2' title="bbox 58 356 1162 445; baseline -0.002 -20"><span class='ocrx_word' id='word_1_7' title='bbox 58 382 86 425; x_wconf 91' lang='lat' dir='ltr'>m</span> <span class='ocrx_word' id='word_1_8' title='bbox 107 359 304 445; x_wconf 84' lang='lat' dir='ltr'>provinciam</span> <span class='ocrx_word' id='word_1_9' title='bbox 326 379 386 424; x_wconf 90' lang='lat' dir='ltr'>nos</span> <span class='ocrx_word' id='word_1_10' title='bbox 406 358 530 423; x_wconf 86' lang='lat' dir='ltr'>venisse</span> <span class='ocrx_word' id='word_1_11' title='bbox 552 357 632 423; x_wconf 85' lang='lat' dir='ltr'>scito</span> <span class='ocrx_word' id='word_1_12' title='bbox 649 356 754 441; x_wconf 87' lang='lat' dir='ltr'>pridie</span> <span class='ocrx_word' id='word_1_13' title='bbox 771 356 842 426; x_wconf 77' lang='lat' dir='ltr'>Kah</span> <span class='ocrx_word' id='word_1_14' title='bbox 862 358 1000 440; x_wconf 89' lang='lat' dir='ltr'>Sextilis,</span> <span class='ocrx_word' id='word_1_15' title='bbox 1019 364 1162 425; x_wconf 83' lang='lat' dir='ltr'>moratos</span> 
     </span>
     <span class='ocr_line' id='line_1_3' title="bbox 57 458 1160 544; baseline 0.003 -20"><span class='ocrx_word' id='word_1_16' title='bbox 57 482 95 525; x_wconf 85' lang='lat' dir='ltr'>m</span> <span class='ocrx_word' id='word_1_17' title='bbox 126 459 321 537; x_wconf 79' lang='lat' dir='ltr'>Laodiceae,</span> <span class='ocrx_word' id='word_1_18' title='bbox 353 458 498 524; x_wconf 82' lang='lat' dir='ltr'>triduum</span> <span class='ocrx_word' id='word_1_19' title='bbox 529 459 708 542; x_wconf 82' lang='lat' dir='ltr'>Apameae,</span> <span class='ocrx_word' id='word_1_20' title='bbox 738 458 873 524; x_wconf 84' lang='lat' dir='ltr'>totidem</span> <span class='ocrx_word' id='word_1_21' title='bbox 906 458 972 525; x_wconf 89' lang='lat' dir='ltr'>dies</span> <span class='ocrx_word' id='word_1_22' title='bbox 1002 460 1160 544; x_wconf 84' lang='lat' dir='ltr'>Synnade.</span> 
     </span>
     <span class='ocr_line' id='line_1_4' title="bbox 57 558 1161 651; baseline 0.001 -25"><span class='ocrx_word' id='word_1_23' title='bbox 57 563 141 626; x_wconf 91' lang='lat' dir='ltr'>imus</span> <span class='ocrx_word' id='word_1_24' title='bbox 163 559 244 625; x_wconf 92' lang='lat' dir='ltr'>nihil</span> <span class='ocrx_word' id='word_1_25' title='bbox 266 558 356 625; x_wconf 87' lang='lat' dir='ltr'>eliud</span> <span class='ocrx_word' id='word_1_26' title='bbox 377 559 440 625; x_wconf 91' lang='lat' dir='ltr'>nisi</span> <span class='ocrx_word' id='word_1_27' title='bbox 457 559 615 643; x_wconf 84' lang='lat' dir='ltr'>imperata</span> <span class='ocrx_word' id='word_1_28' title='bbox 633 561 823 651; x_wconf 74' lang='grc' dir='ltr'><em>ὲπικεφάλια</em></span> <span class='ocrx_word' id='word_1_29' title='bbox 839 559 962 625; x_wconf 83' lang='lat' dir='ltr'>solvere</span> <span class='ocrx_word' id='word_1_30' title='bbox 979 581 1044 625; x_wconf 91' lang='lat' dir='ltr'>non</span> <span class='ocrx_word' id='word_1_31' title='bbox 1061 583 1161 644; x_wconf 83' lang='lat' dir='ltr'>posse,</span> 
     </span>
     <span class='ocr_line' id='line_1_5' title="bbox 57 658 1163 746; baseline 0.002 -21"><span class='ocrx_word' id='word_1_32' title='bbox 57 660 195 726; x_wconf 75' lang='lat' dir='ltr'>omnium</span> <span class='ocrx_word' id='word_1_33' title='bbox 214 658 371 737; x_wconf 83' lang='lat' dir='ltr'>venditas,</span> <span class='ocrx_word' id='word_1_34' title='bbox 389 658 556 723; x_wconf 81' lang='lat' dir='ltr'>civitatum</span> <span class='ocrx_word' id='word_1_35' title='bbox 571 659 717 741; x_wconf 76' lang='lat' dir='ltr'>gemitus,</span> <span class='ocrx_word' id='word_1_36' title='bbox 737 658 893 741; x_wconf 79' lang='lat' dir='ltr'>ploratus,</span> <span class='ocrx_word' id='word_1_37' title='bbox 907 668 1052 727; x_wconf 83' lang='lat' dir='ltr'>monstra</span> <span class='ocrx_word' id='word_1_38' title='bbox 1065 683 1163 746; x_wconf 87' lang='lat' dir='ltr'>quae-</span> 
     </span>
     <span class='ocr_line' id='line_1_6' title="bbox 57 758 1163 846; baseline 0.001 -20"><span class='ocrx_word' id='word_1_39' title='bbox 57 783 114 827; x_wconf 80' lang='grc'>1011</span> <span class='ocrx_word' id='word_1_40' title='bbox 133 760 281 839; x_wconf 90' lang='lat' dir='ltr'>hominis,</span> <span class='ocrx_word' id='word_1_41' title='bbox 304 759 359 824; x_wconf 90' lang='lat' dir='ltr'>sed</span> <span class='ocrx_word' id='word_1_42' title='bbox 380 758 468 825; x_wconf 85' lang='lat' dir='ltr'>ferae</span> <span class='ocrx_word' id='word_1_43' title='bbox 490 759 595 824; x_wconf 85' lang='lat' dir='ltr'>nescio</span> <span class='ocrx_word' id='word_1_44' title='bbox 617 758 708 824; x_wconf 87' lang='lat' dir='ltr'>ouius</span> <span class='ocrx_word' id='word_1_45' title='bbox 729 761 897 825; x_wconf 83' lang='lat' dir='ltr'>immonis:</span> <span class='ocrx_word' id='word_1_46' title='bbox 920 762 997 844; x_wconf 89' lang='lat' dir='ltr'>quid</span> <span class='ocrx_word' id='word_1_47' title='bbox 1015 764 1163 846; x_wconf 74' lang='lat' dir='ltr'>quaeris?</span> 
     </span>
     <span class='ocr_line' id='line_1_7' title="bbox 57 858 1209 943; baseline -0.004 -17"><span class='ocrx_word' id='word_1_48' title='bbox 57 886 61 926; x_wconf 62' lang='grc' dir='ltr'>ι</span> <span class='ocrx_word' id='word_1_49' title='bbox 91 861 221 927; x_wconf 90' lang='lat' dir='ltr'>omnino</span> <span class='ocrx_word' id='word_1_50' title='bbox 260 879 320 925; x_wconf 89' lang='lat' dir='ltr'>nos</span> <span class='ocrx_word' id='word_1_51' title='bbox 359 861 453 925; x_wconf 76' lang='lat' dir='ltr'>vitae.</span> <span class='ocrx_word' id='word_1_52' title='bbox 496 858 659 923; x_wconf 83' lang='lat' dir='ltr'>Levantur</span> <span class='ocrx_word' id='word_1_53' title='bbox 694 864 802 924; x_wconf 84' lang='lat' dir='ltr'>tamen</span> <span class='ocrx_word' id='word_1_54' title='bbox 837 860 972 925; x_wconf 84' lang='lat' dir='ltr'>miserae</span> <span class='ocrx_word' id='word_1_55' title='bbox 1006 862 1161 943; x_wconf 83' lang='lat' dir='ltr'>civitates,</span> <span class='ocrx_word' id='word_1_56' title='bbox 1188 870 1209 921; x_wconf 80' lang='grc'>3.</span> 
     </span>
     <span class='ocr_line' id='line_1_8' title="bbox 61 959 1163 1045; baseline 0 -18"><span class='ocrx_word' id='word_1_57' title='bbox 61 963 172 1027; x_wconf 92' lang='lat' dir='ltr'>nullus</span> <span class='ocrx_word' id='word_1_58' title='bbox 194 961 232 1027; x_wconf 83' lang='lat' dir='ltr'>fit</span> <span class='ocrx_word' id='word_1_59' title='bbox 253 966 402 1042; x_wconf 83' lang='lat' dir='ltr'>sumptus</span> <span class='ocrx_word' id='word_1_60' title='bbox 423 960 456 1023; x_wconf 90' lang='lat' dir='ltr'>in</span> <span class='ocrx_word' id='word_1_61' title='bbox 479 978 537 1024; x_wconf 89' lang='lat' dir='ltr'>nos</span> <span class='ocrx_word' id='word_1_62' title='bbox 558 978 662 1041; x_wconf 88' lang='lat' dir='ltr'>neque</span> <span class='ocrx_word' id='word_1_63' title='bbox 683 960 716 1024; x_wconf 91' lang='lat' dir='ltr'>iu</span> <span class='ocrx_word' id='word_1_64' title='bbox 738 959 863 1041; x_wconf 84' lang='lat' dir='ltr'>legatos</span> <span class='ocrx_word' id='word_1_65' title='bbox 881 981 983 1043; x_wconf 89' lang='lat' dir='ltr'>neque</span> <span class='ocrx_word' id='word_1_66' title='bbox 1006 962 1038 1024; x_wconf 89' lang='lat' dir='ltr'>in</span> <span class='ocrx_word' id='word_1_67' title='bbox 1065 982 1163 1045; x_wconf 87' lang='lat' dir='ltr'>quae·</span> 
     </span>
     <span class='ocr_line' id='line_1_9' title="bbox 57 1060 1163 1146; baseline 0 -18"><span class='ocrx_word' id='word_1_68' title='bbox 57 1086 70 1128; x_wconf 90' lang='grc'>1</span> <span class='ocrx_word' id='word_1_69' title='bbox 103 1083 206 1146; x_wconf 90' lang='lat' dir='ltr'>neque</span> <span class='ocrx_word' id='word_1_70' title='bbox 235 1065 268 1126; x_wconf 92' lang='lat' dir='ltr'>in</span> <span class='ocrx_word' id='word_1_71' title='bbox 291 1077 502 1144; x_wconf 88' lang='lat' dir='ltr'>quemquam:</span> <span class='ocrx_word' id='word_1_72' title='bbox 538 1060 619 1124; x_wconf 84' lang='lat' dir='ltr'>scito</span> <span class='ocrx_word' id='word_1_73' title='bbox 645 1080 709 1125; x_wconf 88' lang='lat' dir='ltr'>nou</span> <span class='ocrx_word' id='word_1_74' title='bbox 740 1060 833 1126; x_wconf 88' lang='lat' dir='ltr'>modo</span> <span class='ocrx_word' id='word_1_75' title='bbox 863 1081 921 1126; x_wconf 92' lang='lat' dir='ltr'>nos</span> <span class='ocrx_word' id='word_1_76' title='bbox 944 1060 1071 1126; x_wconf 84' lang='lat' dir='ltr'>faenum</span> <span class='ocrx_word' id='word_1_77' title='bbox 1104 1069 1163 1129; x_wconf 81' lang='lat' dir='ltr'>aut</span> 
     </span>
     <span class='ocr_line' id='line_1_10' title="bbox 57 1160 1162 1246; baseline 0 -17"><span class='ocrx_word' id='word_1_78' title='bbox 57 1164 152 1246; x_wconf 71' lang='lat' dir='ltr'>alege</span> <span class='ocrx_word' id='word_1_79' title='bbox 168 1163 254 1229; x_wconf 89' lang='lat' dir='ltr'>Iulio</span> <span class='ocrx_word' id='word_1_80' title='bbox 269 1161 342 1227; x_wconf 85' lang='lat' dir='ltr'>dari</span> <span class='ocrx_word' id='word_1_81' title='bbox 356 1161 439 1226; x_wconf 79' lang='lat' dir='ltr'>solet</span> <span class='ocrx_word' id='word_1_82' title='bbox 456 1180 520 1225; x_wconf 90' lang='lat' dir='ltr'>uon</span> <span class='ocrx_word' id='word_1_83' title='bbox 538 1160 692 1242; x_wconf 87' lang='lat' dir='ltr'>accipere,</span> <span class='ocrx_word' id='word_1_84' title='bbox 713 1161 769 1225; x_wconf 91' lang='lat' dir='ltr'>sed</span> <span class='ocrx_word' id='word_1_85' title='bbox 787 1180 827 1225; x_wconf 89' lang='lat' dir='ltr'>ne</span> <span class='ocrx_word' id='word_1_86' title='bbox 844 1160 934 1244; x_wconf 82' lang='lat' dir='ltr'>ligna</span> <span class='ocrx_word' id='word_1_87' title='bbox 951 1162 1088 1244; x_wconf 89' lang='lat' dir='ltr'>quidem,</span> <span class='ocrx_word' id='word_1_88' title='bbox 1104 1185 1162 1229; x_wconf 89' lang='lat' dir='ltr'>nec</span> 
     </span>
     <span class='ocr_line' id='line_1_11' title="bbox 56 1261 1161 1347; baseline 0.002 -22"><span class='ocrx_word' id='word_1_89' title='bbox 56 1286 79 1329; x_wconf 64' lang='lat' dir='ltr'>rr</span> <span class='ocrx_word' id='word_1_90' title='bbox 102 1268 262 1347; x_wconf 84' lang='lat' dir='ltr'>quattuor</span> <span class='ocrx_word' id='word_1_91' title='bbox 282 1261 383 1326; x_wconf 84' lang='lat' dir='ltr'>lectos</span> <span class='ocrx_word' id='word_1_92' title='bbox 405 1266 438 1325; x_wconf 80' lang='lat' dir='ltr'>et</span> <span class='ocrx_word' id='word_1_93' title='bbox 459 1265 580 1325; x_wconf 82' lang='lat' dir='ltr'>tectum</span> <span class='ocrx_word' id='word_1_94' title='bbox 604 1280 799 1343; x_wconf 86' lang='lat' dir='ltr'>quemquam</span> <span class='ocrx_word' id='word_1_95' title='bbox 817 1263 961 1344; x_wconf 89' lang='lat' dir='ltr'>accipere</span> <span class='ocrx_word' id='word_1_96' title='bbox 978 1264 1161 1346; x_wconf 85' lang='lat' dir='ltr'>quicquam,</span> 
     </span>
     <span class='ocr_line' id='line_1_12' title="bbox 56 1360 1163 1448; baseline 0.003 -19"><span class='ocrx_word' id='word_1_97' title='bbox 56 1389 62 1429; x_wconf 79' lang='grc'>1</span> <span class='ocrx_word' id='word_1_98' title='bbox 79 1365 158 1430; x_wconf 90' lang='lat' dir='ltr'>locis</span> <span class='ocrx_word' id='word_1_99' title='bbox 172 1385 213 1429; x_wconf 91' lang='lat' dir='ltr'>ne</span> <span class='ocrx_word' id='word_1_100' title='bbox 227 1368 348 1429; x_wconf 82' lang='lat' dir='ltr'>tectum</span> <span class='ocrx_word' id='word_1_101' title='bbox 362 1360 502 1444; x_wconf 89' lang='lat' dir='ltr'>quidem,</span> <span class='ocrx_word' id='word_1_102' title='bbox 520 1365 553 1425; x_wconf 81' lang='lat' dir='ltr'>et</span> <span class='ocrx_word' id='word_1_103' title='bbox 565 1361 598 1424; x_wconf 95' lang='lat' dir='ltr'>in</span> <span class='ocrx_word' id='word_1_104' title='bbox 608 1360 820 1426; x_wconf 82' lang='lat' dir='ltr'>tabernaculo</span> <span class='ocrx_word' id='word_1_105' title='bbox 830 1382 959 1427; x_wconf 87' lang='lat' dir='ltr'>manere</span> <span class='ocrx_word' id='word_1_106' title='bbox 967 1363 1163 1448; x_wconf 88' lang='lat' dir='ltr'>plerumque.</span> 
     </span>
     <span class='ocr_line' id='line_1_13' title="bbox 56 1461 1163 1546; baseline -0.001 -15"><span class='ocrx_word' id='word_1_107' title='bbox 56 1488 68 1531; x_wconf 74' lang='lat' dir='ltr'>a</span> <span class='ocrx_word' id='word_1_108' title='bbox 92 1464 311 1530; x_wconf 84' lang='lat' dir='ltr'>incredibilem</span> <span class='ocrx_word' id='word_1_109' title='bbox 333 1462 367 1525; x_wconf 91' lang='lat' dir='ltr'>in</span> <span class='ocrx_word' id='word_1_110' title='bbox 389 1461 520 1526; x_wconf 91' lang='lat' dir='ltr'>modum</span> <span class='ocrx_word' id='word_1_111' title='bbox 541 1479 715 1525; x_wconf 82' lang='lat' dir='ltr'>concursus</span> <span class='ocrx_word' id='word_1_112' title='bbox 737 1461 820 1526; x_wconf 81' lang='lat' dir='ltr'>fiunt</span> <span class='ocrx_word' id='word_1_113' title='bbox 841 1482 880 1527; x_wconf 87' lang='lat' dir='ltr'>ex</span> <span class='ocrx_word' id='word_1_114' title='bbox 902 1465 998 1546; x_wconf 85' lang='lat' dir='ltr'>agris,</span> <span class='ocrx_word' id='word_1_115' title='bbox 1020 1486 1059 1529; x_wconf 88' lang='lat' dir='ltr'>ex</span> <span class='ocrx_word' id='word_1_116' title='bbox 1076 1466 1163 1544; x_wconf 86' lang='lat' dir='ltr'>vicis,</span> 
     </span>
     <span class='ocr_line' id='line_1_14' title="bbox 56 1561 1161 1643; baseline 0 -13"><span class='ocrx_word' id='word_1_117' title='bbox 56 1566 158 1630; x_wconf 85' lang='lat' dir='ltr'>mibus</span> <span class='ocrx_word' id='word_1_118' title='bbox 177 1563 343 1643; x_wconf 89' lang='lat' dir='ltr'>omnibus;</span> <span class='ocrx_word' id='word_1_119' title='bbox 362 1561 542 1628; x_wconf 88' lang='lat' dir='ltr'>mehercule</span> <span class='ocrx_word' id='word_1_120' title='bbox 560 1562 658 1626; x_wconf 85' lang='lat' dir='ltr'>etiam</span> <span class='ocrx_word' id='word_1_121' title='bbox 676 1561 815 1628; x_wconf 81' lang='lat' dir='ltr'>adventu</span> <span class='ocrx_word' id='word_1_122' title='bbox 829 1571 942 1630; x_wconf 85' lang='lat' dir='ltr'>nostro</span> <span class='ocrx_word' id='word_1_123' title='bbox 956 1566 1161 1632; x_wconf 83' lang='lat' dir='ltr'>reviviscunt:</span> 
     </span>
     <span class='ocr_line' id='line_1_15' title="bbox 56 1663 1161 1753; baseline 0 -21"><span class='ocrx_word' id='word_1_124' title='bbox 56 1691 95 1747; x_wconf 88' lang='lat' dir='ltr'>a,</span> <span class='ocrx_word' id='word_1_125' title='bbox 127 1666 342 1744; x_wconf 83' lang='lat' dir='ltr'>abstinentia,</span> <span class='ocrx_word' id='word_1_126' title='bbox 372 1664 544 1730; x_wconf 81' lang='lat' dir='ltr'>clementia</span> <span class='ocrx_word' id='word_1_127' title='bbox 574 1666 623 1729; x_wconf 81' lang='lat' dir='ltr'>tui</span> <span class='ocrx_word' id='word_1_128' title='bbox 646 1663 809 1731; x_wconf 86' lang='lat' dir='ltr'>Ciceronis</span> <span class='ocrx_word' id='word_1_129' title='bbox 831 1664 970 1753; x_wconf 86' lang='lat' dir='ltr'>[itaque]</span> <span class='ocrx_word' id='word_1_130' title='bbox 993 1667 1161 1749; x_wconf 88' lang='lat' dir='ltr'>opiniones</span> 
     </span>
     <span class='ocr_line' id='line_1_16' title="bbox 62 1765 1209 1850; baseline 0.001 -18"><span class='ocrx_word' id='word_1_131' title='bbox 62 1791 93 1832; x_wconf 93' lang='lat' dir='ltr'>m</span> <span class='ocrx_word' id='word_1_132' title='bbox 125 1769 299 1850; x_wconf 84' lang='lat' dir='ltr'>superarit.</span> <span class='ocrx_word' id='word_1_133' title='bbox 340 1765 483 1849; x_wconf 88' lang='lat' dir='ltr'>Appius,</span> <span class='ocrx_word' id='word_1_134' title='bbox 513 1772 552 1830; x_wconf 82' lang='lat' dir='ltr'>ut</span> <span class='ocrx_word' id='word_1_135' title='bbox 583 1765 707 1831; x_wconf 87' lang='lat' dir='ltr'>audivit</span> <span class='ocrx_word' id='word_1_136' title='bbox 737 1787 796 1831; x_wconf 91' lang='lat' dir='ltr'>nos</span> <span class='ocrx_word' id='word_1_137' title='bbox 818 1768 940 1846; x_wconf 89' lang='lat' dir='ltr'>venire,</span> <span class='ocrx_word' id='word_1_138' title='bbox 962 1770 996 1831; x_wconf 90' lang='lat' dir='ltr'>in</span> <span class='ocrx_word' id='word_1_139' title='bbox 1015 1767 1161 1834; x_wconf 80' lang='lat' dir='ltr'>ultimam</span> <span class='ocrx_word' id='word_1_140' title='bbox 1189 1771 1209 1823; x_wconf 76' lang='lat'>4</span> 
     </span>
     <span class='ocr_line' id='line_1_17' title="bbox 56 1865 1163 1949; baseline 0.001 -17"><span class='ocrx_word' id='word_1_141' title='bbox 56 1870 151 1933; x_wconf 75' lang='lat' dir='ltr'>iciam</span> <span class='ocrx_word' id='word_1_142' title='bbox 168 1888 202 1932; x_wconf 91' lang='lat' dir='ltr'>se</span> <span class='ocrx_word' id='word_1_143' title='bbox 221 1868 356 1933; x_wconf 79' lang='lat' dir='ltr'>coniecit</span> <span class='ocrx_word' id='word_1_144' title='bbox 374 1866 511 1931; x_wconf 86' lang='lat' dir='ltr'>Tarsum</span> <span class='ocrx_word' id='word_1_145' title='bbox 529 1885 647 1948; x_wconf 81' lang='lat' dir='ltr'>usque3</span> <span class='ocrx_word' id='word_1_146' title='bbox 666 1866 712 1930; x_wconf 93' lang='lat' dir='ltr'>ibi</span> <span class='ocrx_word' id='word_1_147' title='bbox 728 1865 835 1931; x_wconf 88' lang='lat' dir='ltr'>forum</span> <span class='ocrx_word' id='word_1_148' title='bbox 854 1868 930 1949; x_wconf 81' lang='lat' dir='ltr'>agit.</span> <span class='ocrx_word' id='word_1_149' title='bbox 975 1867 1021 1931; x_wconf 88' lang='lat' dir='ltr'>De</span> <span class='ocrx_word' id='word_1_150' title='bbox 1040 1868 1163 1933; x_wconf 84' lang='lat' dir='ltr'>Partho</span> 
     </span>
     <span class='ocr_line' id='line_1_18' title="bbox 59 1967 1161 2050; baseline 0.001 -18"><span class='ocrx_word' id='word_1_151' title='bbox 59 1991 113 2033; x_wconf 92' lang='lat' dir='ltr'>um</span> <span class='ocrx_word' id='word_1_152' title='bbox 136 1974 194 2048; x_wconf 82' lang='lat' dir='ltr'>esi,</span> <span class='ocrx_word' id='word_1_153' title='bbox 217 1967 273 2032; x_wconf 93' lang='lat' dir='ltr'>sed</span> <span class='ocrx_word' id='word_1_154' title='bbox 293 1973 403 2034; x_wconf 81' lang='lat' dir='ltr'>tamen</span> <span class='ocrx_word' id='word_1_155' title='bbox 426 1968 570 2033; x_wconf 90' lang='lat' dir='ltr'>concisos</span> <span class='ocrx_word' id='word_1_156' title='bbox 591 1967 715 2050; x_wconf 87' lang='lat' dir='ltr'>equites</span> <span class='ocrx_word' id='word_1_157' title='bbox 731 1972 859 2033; x_wconf 81' lang='lat' dir='ltr'>nostros</span> <span class='ocrx_word' id='word_1_158' title='bbox 875 1988 895 2032; x_wconf 86' lang='lat' dir='ltr'>a</span> <span class='ocrx_word' id='word_1_159' title='bbox 914 1967 1062 2033; x_wconf 84' lang='lat' dir='ltr'>barbaris</span> <span class='ocrx_word' id='word_1_160' title='bbox 1080 1989 1161 2033; x_wconf 91' lang='lat' dir='ltr'>nuu-</span> 
     </span>
    </p>
   </div>
   <div class='ocr_carea' id='block_1_3' title="bbox 52 2249 1176 4581">
    <p class='ocr_par' dir='ltr' id='par_1_3' title="bbox 54 2249 1162 3486">
     <span class='ocr_line' id='line_1_19' title="bbox 57 2249 1161 2322; baseline 0 -15"><span class='ocrx_word' id='word_1_161' title='bbox 57 2253 135 2322; x_wconf 78' lang='lat' dir='ltr'>aade]</span> <span class='ocrx_word' id='word_1_162' title='bbox 153 2254 199 2306; x_wconf 90' lang='lat' dir='ltr'>die</span> <span class='ocrx_word' id='word_1_163' title='bbox 207 2253 265 2306; x_wconf 87' lang='lat' dir='ltr'>drei</span> <span class='ocrx_word' id='word_1_164' title='bbox 275 2252 461 2321; x_wconf 78' lang='lat' dir='ltr'>phrygischen</span> <span class='ocrx_word' id='word_1_165' title='bbox 470 2249 536 2303; x_wconf 73' lang='lat' dir='ltr'>Did·</span> <span class='ocrx_word' id='word_1_166' title='bbox 577 2253 610 2318; x_wconf 79' lang='lat'>2;</span> <span class='ocrx_word' id='word_1_167' title='bbox 629 2254 668 2317; x_wconf 85' lang='lat'>17,</span> <span class='ocrx_word' id='word_1_168' title='bbox 685 2254 717 2319; x_wconf 82' lang='lat'>23</span> <span class='ocrx_word' id='word_1_169' title='bbox 734 2254 776 2318; x_wconf 87' lang='lat'>20,</span> <span class='ocrx_word' id='word_1_170' title='bbox 793 2255 823 2319; x_wconf 76' lang='lat'>63</span> <span class='ocrx_word' id='word_1_171' title='bbox 841 2255 883 2320; x_wconf 81' lang='lat'>21,</span> <span class='ocrx_word' id='word_1_172' title='bbox 900 2256 952 2307; x_wconf 84' lang='lat'>511.</span> <span class='ocrx_word' id='word_1_173' title='bbox 963 2257 1116 2322; x_wconf 81' lang='lat' dir='ltr'>7.-rrcqscc</span> <span class='ocrx_word' id='word_1_174' title='bbox 1133 2257 1161 2307; x_wconf 79' lang='lat' dir='ltr'>ira</span> 
     </span>
     <span class='ocr_line' id='line_1_20' title="bbox 55 2334 1159 2405; baseline 0 -15"><span class='ocrx_word' id='word_1_175' title='bbox 55 2334 431 2404; x_wconf 78' lang='lat' dir='ltr'>[ibyrs,Apameo,Synuuda</span> <span class='ocrx_word' id='word_1_176' title='bbox 443 2349 535 2388; x_wconf 87' lang='lat' dir='ltr'>waren</span> <span class='ocrx_word' id='word_1_177' title='bbox 576 2334 738 2403; x_wconf 78' lang='lat' dir='ltr'>quemquam]</span> <span class='ocrx_word' id='word_1_178' title='bbox 764 2353 818 2388; x_wconf 85' lang='lat' dir='ltr'>von</span> <span class='ocrx_word' id='word_1_179' title='bbox 848 2336 968 2390; x_wconf 90' lang='lat' dir='ltr'>meiuem</span> <span class='ocrx_word' id='word_1_180' title='bbox 986 2336 1108 2405; x_wconf 82' lang='lat' dir='ltr'>Gefolge.</span> <span class='ocrx_word' id='word_1_181' title='bbox 1128 2369 1159 2377; x_wconf 90' lang='lat'>—</span> 
     </span>
     <span class='ocr_line' id='line_1_21' title="bbox 55 2416 1160 2486; baseline -0.001 -12"><span class='ocrx_word' id='word_1_182' title='bbox 55 2423 120 2474; x_wconf 84' lang='lat'>-50</span> <span class='ocrx_word' id='word_1_183' title='bbox 138 2420 190 2473; x_wconf 85' lang='lat' dir='ltr'>mit</span> <span class='ocrx_word' id='word_1_184' title='bbox 208 2419 258 2473; x_wconf 87' lang='lat' dir='ltr'>der</span> <span class='ocrx_word' id='word_1_185' title='bbox 275 2418 393 2472; x_wconf 85' lang='lat' dir='ltr'>Provinz</span> <span class='ocrx_word' id='word_1_186' title='bbox 412 2416 535 2471; x_wconf 88' lang='lat' dir='ltr'>Kilikien</span> <span class='ocrx_word' id='word_1_187' title='bbox 578 2420 651 2486; x_wconf 71' lang='lat' dir='ltr'>cleps</span> <span class='ocrx_word' id='word_1_188' title='bbox 661 2417 837 2486; x_wconf 82' lang='lat' dir='ltr'>Iulio]dieses</span> <span class='ocrx_word' id='word_1_189' title='bbox 848 2418 954 2485; x_wconf 86' lang='lat' dir='ltr'>Gesetz,</span> <span class='ocrx_word' id='word_1_190' title='bbox 965 2438 1019 2473; x_wconf 91' lang='lat' dir='ltr'>von</span> <span class='ocrx_word' id='word_1_191' title='bbox 1033 2420 1060 2474; x_wconf 86' lang='lat' dir='ltr'>G.</span> <span class='ocrx_word' id='word_1_192' title='bbox 1070 2420 1160 2476; x_wconf 85' lang='lat' dir='ltr'>Julius</span> 
     </span>
     <span class='ocr_line' id='line_1_22' title="bbox 57 2502 1160 2575; baseline 0.001 -16"><span class='ocrx_word' id='word_1_193' title='bbox 57 2511 106 2575; x_wconf 74' lang='lat' dir='ltr'>gi,</span> <span class='ocrx_word' id='word_1_194' title='bbox 133 2503 222 2558; x_wconf 88' lang='lat' dir='ltr'>neben</span> <span class='ocrx_word' id='word_1_195' title='bbox 237 2502 384 2571; x_wconf 56' lang='lat' dir='ltr'>Quaado,</span> <span class='ocrx_word' id='word_1_196' title='bbox 411 2528 443 2537; x_wconf 94' lang='lat'>-</span> <span class='ocrx_word' id='word_1_197' title='bbox 461 2520 535 2553; x_wconf 80' lang='lat' dir='ltr'>orum</span> <span class='ocrx_word' id='word_1_198' title='bbox 577 2502 662 2557; x_wconf 79' lang='lat' dir='ltr'>C&#39;asar</span> <span class='ocrx_word' id='word_1_199' title='bbox 670 2503 704 2556; x_wconf 79' lang='lat'>59</span> <span class='ocrx_word' id='word_1_200' title='bbox 712 2502 845 2571; x_wconf 81' lang='lat' dir='ltr'>gegeben,</span> <span class='ocrx_word' id='word_1_201' title='bbox 863 2503 1032 2570; x_wconf 84' lang='lat' dir='ltr'>bestimmte,</span> <span class='ocrx_word' id='word_1_202' title='bbox 1049 2522 1106 2558; x_wconf 83' lang='lat' dir='ltr'>was</span> <span class='ocrx_word' id='word_1_203' title='bbox 1116 2505 1160 2560; x_wconf 88' lang='lat' dir='ltr'>die</span> 
     </span>
     <span class='ocr_line' id='line_1_23' title="bbox 55 2584 1160 2654; baseline 0.004 -15"><span class='ocrx_word' id='word_1_204' title='bbox 55 2596 92 2642; x_wconf 76' lang='lat' dir='ltr'>:do</span> <span class='ocrx_word' id='word_1_205' title='bbox 109 2589 199 2641; x_wconf 76' lang='lat' dir='ltr'>Strabo</span> <span class='ocrx_word' id='word_1_206' title='bbox 217 2603 244 2654; x_wconf 90' lang='lat' dir='ltr'>p.</span> <span class='ocrx_word' id='word_1_207' title='bbox 261 2587 320 2640; x_wconf 84' lang='grc'>576.</span> <span class='ocrx_word' id='word_1_208' title='bbox 336 2584 407 2652; x_wconf 80' lang='grc'>577),</span> <span class='ocrx_word' id='word_1_209' title='bbox 424 2584 473 2638; x_wconf 82' lang='lat' dir='ltr'>das</span> <span class='ocrx_word' id='word_1_210' title='bbox 493 2584 536 2639; x_wconf 88' lang='lat' dir='ltr'>Ci-</span> <span class='ocrx_word' id='word_1_211' title='bbox 577 2585 750 2639; x_wconf 89' lang='lat' dir='ltr'>Prokousuln</span> <span class='ocrx_word' id='word_1_212' title='bbox 780 2586 830 2640; x_wconf 82' lang='lat' dir='ltr'>auf</span> <span class='ocrx_word' id='word_1_213' title='bbox 855 2587 929 2640; x_wconf 87' lang='lat' dir='ltr'>ihrer</span> <span class='ocrx_word' id='word_1_214' title='bbox 947 2586 1027 2642; x_wconf 85' lang='lat' dir='ltr'>Reise</span> <span class='ocrx_word' id='word_1_215' title='bbox 1054 2590 1110 2644; x_wconf 92' lang='lat' dir='ltr'>und</span> <span class='ocrx_word' id='word_1_216' title='bbox 1130 2589 1160 2643; x_wconf 90' lang='lat' dir='ltr'>in</span> 
     </span>
     <span class='ocr_line' id='line_1_24' title="bbox 55 2667 1161 2738; baseline 0.002 -14"><span class='ocrx_word' id='word_1_217' title='bbox 55 2690 89 2726; x_wconf 88' lang='lat' dir='ltr'>m.</span> <span class='ocrx_word' id='word_1_218' title='bbox 99 2671 147 2737; x_wconf 89' lang='grc'>111,</span> <span class='ocrx_word' id='word_1_219' title='bbox 165 2673 189 2735; x_wconf 82' lang='grc'>8,</span> <span class='ocrx_word' id='word_1_220' title='bbox 207 2673 239 2734; x_wconf 84' lang='grc'>3;</span> <span class='ocrx_word' id='word_1_221' title='bbox 255 2672 288 2736; x_wconf 81' lang='lat'>53</span> <span class='ocrx_word' id='word_1_222' title='bbox 304 2667 364 2735; x_wconf 87' lang='lat' dir='ltr'>XV,</span> <span class='ocrx_word' id='word_1_223' title='bbox 380 2671 407 2733; x_wconf 88' lang='lat'>4,</span> <span class='ocrx_word' id='word_1_224' title='bbox 424 2671 457 2735; x_wconf 82' lang='lat'>2;</span> <span class='ocrx_word' id='word_1_225' title='bbox 474 2671 535 2722; x_wconf 81' lang='lat' dir='ltr'>stt.</span> <span class='ocrx_word' id='word_1_226' title='bbox 576 2670 630 2723; x_wconf 87' lang='lat' dir='ltr'>den</span> <span class='ocrx_word' id='word_1_227' title='bbox 649 2669 802 2725; x_wconf 87' lang='lat' dir='ltr'>Provinzeu</span> <span class='ocrx_word' id='word_1_228' title='bbox 822 2671 1028 2738; x_wconf 83' lang='lat' dir='ltr'>auzusprechen</span> <span class='ocrx_word' id='word_1_229' title='bbox 1047 2672 1161 2727; x_wconf 79' lang='lat' dir='ltr'>hatten:</span> 
     </span>
     <span class='ocr_line' id='line_1_25' title="bbox 61 2751 1158 2823; baseline 0 -15"><span class='ocrx_word' id='word_1_230' title='bbox 61 2759 73 2808; x_wconf 95' lang='lat' dir='ltr'>l</span> <span class='ocrx_word' id='word_1_231' title='bbox 92 2753 219 2819; x_wconf 79' lang='lat' dir='ltr'>braucht,</span> <span class='ocrx_word' id='word_1_232' title='bbox 237 2752 325 2807; x_wconf 74' lang='lat' dir='ltr'>findet</span> <span class='ocrx_word' id='word_1_233' title='bbox 343 2752 400 2807; x_wconf 93' lang='lat' dir='ltr'>sich</span> <span class='ocrx_word' id='word_1_234' title='bbox 418 2752 536 2806; x_wconf 86' lang='lat' dir='ltr'>einean·</span> <span class='ocrx_word' id='word_1_235' title='bbox 578 2751 699 2819; x_wconf 83' lang='lat' dir='ltr'>Obdach,</span> <span class='ocrx_word' id='word_1_236' title='bbox 717 2753 818 2823; x_wconf 81' lang='lat' dir='ltr'>Leger,</span> <span class='ocrx_word' id='word_1_237' title='bbox 835 2753 901 2806; x_wconf 84' lang='lat' dir='ltr'>Holz</span> <span class='ocrx_word' id='word_1_238' title='bbox 920 2754 977 2807; x_wconf 91' lang='lat' dir='ltr'>und</span> <span class='ocrx_word' id='word_1_239' title='bbox 988 2754 1047 2807; x_wconf 85' lang='lat' dir='ltr'>Salz</span> <span class='ocrx_word' id='word_1_240' title='bbox 1065 2755 1158 2808; x_wconf 75' lang='lat' dir='ltr'>furcis</span> 
     </span>
     <span class='ocr_line' id='line_1_26' title="bbox 54 2835 1161 2904; baseline 0.001 -13"><span class='ocrx_word' id='word_1_241' title='bbox 54 2840 118 2891; x_wconf 91' lang='lat' dir='ltr'>&#39;orm</span> <span class='ocrx_word' id='word_1_242' title='bbox 135 2837 256 2904; x_wconf 72' lang='lat' dir='ltr'>Spurius,</span> <span class='ocrx_word' id='word_1_243' title='bbox 284 2864 317 2873; x_wconf 97' lang='lat'>-</span> <span class='ocrx_word' id='word_1_244' title='bbox 342 2837 409 2890; x_wconf 61' lang='lat' dir='ltr'>adra.</span> <span class='ocrx_word' id='word_1_245' title='bbox 427 2864 461 2873; x_wconf 92' lang='lat'>-</span> <span class='ocrx_word' id='word_1_246' title='bbox 479 2836 536 2890; x_wconf 77' lang='grc' dir='ltr'><em>ἐπι·</em></span> <span class='ocrx_word' id='word_1_247' title='bbox 578 2835 682 2903; x_wconf 78' lang='lat' dir='ltr'>selbsi,</span> <span class='ocrx_word' id='word_1_248' title='bbox 709 2836 770 2890; x_wconf 89' lang='lat' dir='ltr'>ihre</span> <span class='ocrx_word' id='word_1_249' title='bbox 790 2835 1008 2890; x_wconf 84' lang='lat' dir='ltr'>Unterbeamten</span> <span class='ocrx_word' id='word_1_250' title='bbox 1035 2839 1092 2891; x_wconf 91' lang='lat' dir='ltr'>und</span> <span class='ocrx_word' id='word_1_251' title='bbox 1110 2838 1161 2892; x_wconf 88' lang='lat' dir='ltr'>Be-</span> 
     </span>
     <span class='ocr_line' id='line_1_27' title="bbox 56 2918 1160 2989; baseline -0.003 -12"><span class='ocrx_word' id='word_1_252' title='bbox 56 2925 85 2988; x_wconf 86' lang='grc' dir='ltr'>α]</span> <span class='ocrx_word' id='word_1_253' title='bbox 122 2922 167 2975; x_wconf 88' lang='lat' dir='ltr'>die</span> <span class='ocrx_word' id='word_1_254' title='bbox 196 2921 365 2988; x_wconf 86' lang='lat' dir='ltr'>Kopfsteuer</span> <span class='ocrx_word' id='word_1_255' title='bbox 400 2920 536 2989; x_wconf 78' lang='lat' dir='ltr'>(hiinfiger</span> <span class='ocrx_word' id='word_1_256' title='bbox 577 2920 688 2989; x_wconf 73' lang='lat' dir='ltr'>gleiier,</span> <span class='ocrx_word' id='word_1_257' title='bbox 706 2920 799 2973; x_wconf 79' lang='lat' dir='ltr'>fernen</span> <span class='ocrx_word' id='word_1_258' title='bbox 815 2918 945 2988; x_wconf 78' lang='lat' dir='ltr'>Stallung</span> <span class='ocrx_word' id='word_1_259' title='bbox 963 2920 1020 2974; x_wconf 90' lang='lat' dir='ltr'>und</span> <span class='ocrx_word' id='word_1_260' title='bbox 1038 2921 1098 2974; x_wconf 91' lang='lat' dir='ltr'>Heu</span> <span class='ocrx_word' id='word_1_261' title='bbox 1115 2922 1160 2975; x_wconf 78' lang='lat' dir='ltr'>fur</span> 
     </span>
     <span class='ocr_line' id='line_1_28' title="bbox 54 3002 1160 3073; baseline -0.002 -14"><span class='ocrx_word' id='word_1_262' title='bbox 54 3007 202 3073; x_wconf 75' lang='grc' dir='ltr'><strong><em>κεφάλαιον</em></strong></span> <span class='ocrx_word' id='word_1_263' title='bbox 220 3006 358 3073; x_wconf 76' lang='lat' dir='ltr'>genennt)</span> <span class='ocrx_word' id='word_1_264' title='bbox 376 3004 482 3068; x_wconf 88' lang='lat' dir='ltr'>wurde,</span> <span class='ocrx_word' id='word_1_265' title='bbox 500 3005 536 3059; x_wconf 82' lang='lat' dir='ltr'>da</span> <span class='ocrx_word' id='word_1_266' title='bbox 577 3003 623 3058; x_wconf 91' lang='lat' dir='ltr'>die</span> <span class='ocrx_word' id='word_1_267' title='bbox 640 3002 739 3057; x_wconf 90' lang='lat' dir='ltr'>Pferde</span> <span class='ocrx_word' id='word_1_268' title='bbox 765 3003 821 3055; x_wconf 93' lang='lat' dir='ltr'>und</span> <span class='ocrx_word' id='word_1_269' title='bbox 839 3003 987 3057; x_wconf 78' lang='lat' dir='ltr'>Lastiiere.</span> <span class='ocrx_word' id='word_1_270' title='bbox 1013 3032 1039 3040; x_wconf 94' lang='lat'><em>—</em></span> <span class='ocrx_word' id='word_1_271' title='bbox 1059 3008 1160 3058; x_wconf 80' lang='lat' dir='ltr'>revivis-</span> 
     </span>
     <span class='ocr_line' id='line_1_29' title="bbox 72 3084 1160 3156; baseline 0 -14"><span class='ocrx_word' id='word_1_272' title='bbox 72 3105 169 3142; x_wconf 85' lang='lat' dir='ltr'>armen</span> <span class='ocrx_word' id='word_1_273' title='bbox 188 3088 277 3142; x_wconf 83' lang='lat' dir='ltr'>Lente</span> <span class='ocrx_word' id='word_1_274' title='bbox 303 3089 334 3140; x_wconf 92' lang='lat' dir='ltr'>in</span> <span class='ocrx_word' id='word_1_275' title='bbox 351 3087 401 3141; x_wconf 92' lang='lat' dir='ltr'>der</span> <span class='ocrx_word' id='word_1_276' title='bbox 418 3087 536 3142; x_wconf 87' lang='lat' dir='ltr'>Provinz</span> <span class='ocrx_word' id='word_1_277' title='bbox 578 3084 650 3153; x_wconf 81' lang='lat' dir='ltr'>cunt]</span> <span class='ocrx_word' id='word_1_278' title='bbox 677 3086 716 3138; x_wconf 90' lang='lat' dir='ltr'>als</span> <span class='ocrx_word' id='word_1_279' title='bbox 735 3085 853 3153; x_wconf 79' lang='lat' dir='ltr'>Subjeki</span> <span class='ocrx_word' id='word_1_280' title='bbox 878 3086 947 3139; x_wconf 81' lang='lat' dir='ltr'>dazu</span> <span class='ocrx_word' id='word_1_281' title='bbox 966 3089 1083 3156; x_wconf 68' lang='lat' dir='ltr'>erganzt</span> <span class='ocrx_word' id='word_1_282' title='bbox 1101 3089 1160 3142; x_wconf 90' lang='lat' dir='ltr'>sich</span> 
     </span>
     <span class='ocr_line' id='line_1_30' title="bbox 54 3170 1161 3227; baseline -0.001 -1"><span class='ocrx_word' id='word_1_283' title='bbox 54 3173 91 3226; x_wconf 83' lang='lat' dir='ltr'>uls</span> <span class='ocrx_word' id='word_1_284' title='bbox 118 3172 180 3225; x_wconf 86' lang='lat' dir='ltr'>eine</span> <span class='ocrx_word' id='word_1_285' title='bbox 206 3171 269 3225; x_wconf 90' lang='lat' dir='ltr'>sehr</span> <span class='ocrx_word' id='word_1_286' title='bbox 295 3171 454 3226; x_wconf 88' lang='lat' dir='ltr'>driickende</span> <span class='ocrx_word' id='word_1_287' title='bbox 481 3188 537 3226; x_wconf 90' lang='lat' dir='ltr'>em·</span> <span class='ocrx_word' id='word_1_288' title='bbox 578 3172 662 3226; x_wconf 83' lang='lat' dir='ltr'>leicht</span> <span class='ocrx_word' id='word_1_289' title='bbox 688 3171 802 3223; x_wconf 78' lang='lat' dir='ltr'>homiues</span> <span class='ocrx_word' id='word_1_290' title='bbox 827 3186 876 3223; x_wconf 84' lang='lat' dir='ltr'>aus</span> <span class='ocrx_word' id='word_1_291' title='bbox 902 3170 965 3224; x_wconf 89' lang='lat' dir='ltr'>dem</span> <span class='ocrx_word' id='word_1_292' title='bbox 991 3170 1030 3223; x_wconf 89' lang='lat' dir='ltr'>im</span> <span class='ocrx_word' id='word_1_293' title='bbox 1050 3171 1161 3227; x_wconf 85' lang='lat' dir='ltr'>vorher·</span> 
     </span>
     <span class='ocr_line' id='line_1_31' title="bbox 54 3245 1160 3324; baseline 0.003 -17"><span class='ocrx_word' id='word_1_294' title='bbox 54 3275 92 3309; x_wconf 68' lang='lat' dir='ltr'>en:</span> <span class='ocrx_word' id='word_1_295' title='bbox 112 3245 537 3324; x_wconf 71' lang='lat' dir='ltr'>siebetrugjshrlichiniigyp·</span> <span class='ocrx_word' id='word_1_296' title='bbox 577 3253 722 3324; x_wconf 81' lang='lat' dir='ltr'>gehenden</span> <span class='ocrx_word' id='word_1_297' title='bbox 744 3252 826 3307; x_wconf 82' lang='lat' dir='ltr'>Satze</span> <span class='ocrx_word' id='word_1_298' title='bbox 852 3253 1043 3322; x_wconf 82' lang='lat' dir='ltr'>gebrauchten</span> <span class='ocrx_word' id='word_1_299' title='bbox 1063 3254 1160 3310; x_wconf 77' lang='lat' dir='ltr'>Worte</span> 
     </span>
     <span class='ocr_line' id='line_1_32' title="bbox 54 3324 1162 3408; baseline 0 -15"><span class='ocrx_word' id='word_1_300' title='bbox 54 3339 232 3393; x_wconf 60' lang='lat' dir='ltr'>{Drachmen</span> <span class='ocrx_word' id='word_1_301' title='bbox 251 3359 284 3382; x_wconf 96' lang='lat'><strong><em>=</em></strong></span> <span class='ocrx_word' id='word_1_302' title='bbox 301 3340 318 3389; x_wconf 82' lang='lat'>4</span> <span class='ocrx_word' id='word_1_303' title='bbox 336 3337 444 3393; x_wconf 81' lang='lat' dir='ltr'>Deuare</span> <span class='ocrx_word' id='word_1_304' title='bbox 470 3339 536 3393; x_wconf 90' lang='lat' dir='ltr'>oder</span> <span class='ocrx_word' id='word_1_305' title='bbox 577 3355 721 3393; x_wconf 76' lang='lat' dir='ltr'>concursus.</span> <span class='ocrx_word' id='word_1_306' title='bbox 759 3324 835 3391; x_wconf 77' lang='lat' dir='ltr'>Uber</span> <span class='ocrx_word' id='word_1_307' title='bbox 861 3337 910 3391; x_wconf 86' lang='lat' dir='ltr'>das</span> <span class='ocrx_word' id='word_1_308' title='bbox 937 3336 1076 3408; x_wconf 81' lang='lat' dir='ltr'>Fulgeude</span> <span class='ocrx_word' id='word_1_309' title='bbox 1104 3341 1162 3408; x_wconf 82' lang='lat' dir='ltr'>vgl.</span> 
     </span>
     <span class='ocr_line' id='line_1_33' title="bbox 62 3420 824 3486; baseline -0.005 -9"><span class='ocrx_word' id='word_1_310' title='bbox 62 3425 132 3477; x_wconf 80' lang='lat' dir='ltr'>iiber</span> <span class='ocrx_word' id='word_1_311' title='bbox 157 3421 281 3478; x_wconf 81' lang='lat' dir='ltr'>3Mark.</span> <span class='ocrx_word' id='word_1_312' title='bbox 309 3449 340 3459; x_wconf 94' lang='lat'>-</span> <span class='ocrx_word' id='word_1_313' title='bbox 365 3424 459 3476; x_wconf 73' lang='lat' dir='ltr'>solum</span> <span class='ocrx_word' id='word_1_314' title='bbox 483 3443 536 3477; x_wconf 76' lang='lat' dir='ltr'>uon</span> <span class='ocrx_word' id='word_1_315' title='bbox 578 3422 645 3476; x_wconf 83' lang='lat' dir='ltr'>lhne</span> <span class='ocrx_word' id='word_1_316' title='bbox 662 3420 783 3486; x_wconf 83' lang='lat' dir='ltr'>VI,471,</span> <span class='ocrx_word' id='word_1_317' title='bbox 802 3424 824 3473; x_wconf 89' lang='lat'>1.</span> 
     </span>
    </p>

    <p class='ocr_par' dir='ltr' id='par_1_4' title="bbox 52 3503 1176 4581">
     <span class='ocr_line' id='line_1_34' title="bbox 56 3503 1162 3573; baseline 0 -13"><span class='ocrx_word' id='word_1_318' title='bbox 56 3508 119 3560; x_wconf 76' lang='lat' dir='ltr'>falls</span> <span class='ocrx_word' id='word_1_319' title='bbox 148 3507 223 3561; x_wconf 78' lang='lat' dir='ltr'>dieue</span> <span class='ocrx_word' id='word_1_320' title='bbox 248 3505 346 3560; x_wconf 82' lang='lat' dir='ltr'>Worie</span> <span class='ocrx_word' id='word_1_321' title='bbox 373 3505 438 3560; x_wconf 77' lang='lat' dir='ltr'>aoht</span> <span class='ocrx_word' id='word_1_322' title='bbox 465 3506 536 3573; x_wconf 88' lang='lat' dir='ltr'>siud,</span> <span class='ocrx_word' id='word_1_323' title='bbox 610 3509 635 3559; x_wconf 85' lang='lat'>4.</span> <span class='ocrx_word' id='word_1_324' title='bbox 649 3505 759 3558; x_wconf 74' lang='lat' dir='ltr'>Parrum</span> <span class='ocrx_word' id='word_1_325' title='bbox 775 3503 866 3573; x_wconf 78' lang='lat' dir='ltr'>usquc]</span> <span class='ocrx_word' id='word_1_326' title='bbox 881 3504 1023 3573; x_wconf 77' lang='lat' dir='ltr'>Hauptort</span> <span class='ocrx_word' id='word_1_327' title='bbox 1037 3507 1087 3561; x_wconf 95' lang='lat' dir='ltr'>der</span> <span class='ocrx_word' id='word_1_328' title='bbox 1098 3507 1162 3560; x_wconf 91' lang='lat' dir='ltr'>Pro-</span> 
     </span>
     <span class='ocr_line' id='line_1_35' title="bbox 53 3588 1161 3658; baseline -0.001 -13"><span class='ocrx_word' id='word_1_329' title='bbox 53 3590 387 3658; x_wconf 75' lang='lat' dir='ltr'>lerdubjektsakkusativ</span> <span class='ocrx_word' id='word_1_330' title='bbox 405 3607 455 3644; x_wconf 83' lang='lat' dir='ltr'>aus</span> <span class='ocrx_word' id='word_1_331' title='bbox 472 3591 535 3645; x_wconf 89' lang='lat' dir='ltr'>dem</span> <span class='ocrx_word' id='word_1_332' title='bbox 578 3590 641 3643; x_wconf 86' lang='lat' dir='ltr'>viuz</span> <span class='ocrx_word' id='word_1_333' title='bbox 658 3589 748 3656; x_wconf 81' lang='lat' dir='ltr'>(caput</span> <span class='ocrx_word' id='word_1_334' title='bbox 769 3588 883 3656; x_wconf 64' lang='lat' dir='ltr'>Odiana)</span> <span class='ocrx_word' id='word_1_335' title='bbox 901 3588 1161 3644; x_wconf 85' lang='lat' dir='ltr'>uuddieResideuz</span> 
     </span>
     <span class='ocr_line' id='line_1_36' title="bbox 53 3671 1160 3744; baseline -0.001 -16"><span class='ocrx_word' id='word_1_336' title='bbox 53 3675 195 3744; x_wconf 80' lang='lat' dir='ltr'>geheuden</span> <span class='ocrx_word' id='word_1_337' title='bbox 206 3674 303 3728; x_wconf 81' lang='lat' dir='ltr'>Worte</span> <span class='ocrx_word' id='word_1_338' title='bbox 319 3675 535 3741; x_wconf 63' lang='lat' dir='ltr'>momodamda·</span> <span class='ocrx_word' id='word_1_339' title='bbox 577 3672 625 3726; x_wconf 88' lang='lat' dir='ltr'>des</span> <span class='ocrx_word' id='word_1_340' title='bbox 643 3671 834 3729; x_wconf 77' lang='lat' dir='ltr'>Statthaliers.</span> <span class='ocrx_word' id='word_1_341' title='bbox 852 3701 881 3710; x_wconf 91' lang='lat'>—</span> <span class='ocrx_word' id='word_1_342' title='bbox 897 3675 992 3740; x_wconf 81' lang='lat' dir='ltr'>forum</span> <span class='ocrx_word' id='word_1_343' title='bbox 1012 3671 1077 3741; x_wconf 75' lang='lat' dir='ltr'>apic]</span> <span class='ocrx_word' id='word_1_344' title='bbox 1096 3671 1160 3740; x_wconf 81' lang='grc' dir='ltr'><strong><em>α’γο-</em></strong></span> 
     </span>
     <span class='ocr_line' id='line_1_37' title="bbox 53 3752 1159 3826; baseline -0.002 -14"><span class='ocrx_word' id='word_1_345' title='bbox 53 3763 119 3813; x_wconf 70' lang='lat' dir='ltr'>&#39;dnzi</span> <span class='ocrx_word' id='word_1_346' title='bbox 138 3759 255 3813; x_wconf 87' lang='lat' dir='ltr'>werden.</span> <span class='ocrx_word' id='word_1_347' title='bbox 273 3785 307 3794; x_wconf 89' lang='lat'><em>-</em></span> <span class='ocrx_word' id='word_1_348' title='bbox 324 3755 409 3825; x_wconf 74' lang='grc' dir='ltr'>ὥνοίς]</span> <span class='ocrx_word' id='word_1_349' title='bbox 428 3757 472 3811; x_wconf 88' lang='lat' dir='ltr'>die</span> <span class='ocrx_word' id='word_1_350' title='bbox 490 3757 535 3812; x_wconf 80' lang='lat' dir='ltr'>fiir</span> <span class='ocrx_word' id='word_1_351' title='bbox 578 3754 630 3826; x_wconf 76' lang='grc' dir='ltr'>ράν</span> <span class='ocrx_word' id='word_1_352' title='bbox 646 3752 717 3822; x_wconf 74' lang='grc' dir='ltr'>ἄγει,</span> <span class='ocrx_word' id='word_1_353' title='bbox 728 3755 1004 3825; x_wconf 57' lang='grc' dir='ltr'>ι11111(111111111111</span> <span class='ocrx_word' id='word_1_354' title='bbox 1022 3755 1159 3823; x_wconf 77' lang='lat' dir='ltr'>Darsdp·</span> 
     </span>
     <span class='ocr_line' id='line_1_38' title="bbox 53 3839 1160 3911; baseline -0.003 -15"><span class='ocrx_word' id='word_1_355' title='bbox 53 3843 154 3911; x_wconf 78' lang='lat' dir='ltr'>ahlung</span> <span class='ocrx_word' id='word_1_356' title='bbox 190 3841 394 3910; x_wconf 80' lang='lat' dir='ltr'>verpfe&#39;udeteu</span> <span class='ocrx_word' id='word_1_357' title='bbox 425 3841 536 3897; x_wconf 87' lang='lat' dir='ltr'>Grund·</span> <span class='ocrx_word' id='word_1_358' title='bbox 578 3840 640 3908; x_wconf 87' lang='lat' dir='ltr'>pius</span> <span class='ocrx_word' id='word_1_359' title='bbox 659 3840 689 3893; x_wconf 89' lang='lat' dir='ltr'>in</span> <span class='ocrx_word' id='word_1_360' title='bbox 703 3840 757 3893; x_wconf 86' lang='lat' dir='ltr'>deu</span> <span class='ocrx_word' id='word_1_361' title='bbox 768 3841 928 3894; x_wconf 68' lang='lat' dir='ltr'>{iussersten</span> <span class='ocrx_word' id='word_1_362' title='bbox 938 3839 1023 3894; x_wconf 84' lang='lat' dir='ltr'>Osten</span> <span class='ocrx_word' id='word_1_363' title='bbox 1038 3840 1087 3893; x_wconf 88' lang='lat' dir='ltr'>der</span> <span class='ocrx_word' id='word_1_364' title='bbox 1095 3840 1160 3893; x_wconf 91' lang='lat' dir='ltr'>Pro·</span> 
     </span>
     <span class='ocr_line' id='line_1_39' title="bbox 73 3922 1161 3995; baseline -0.004 -16"><span class='ocrx_word' id='word_1_365' title='bbox 73 3926 131 3980; x_wconf 92' lang='lat' dir='ltr'>und</span> <span class='ocrx_word' id='word_1_366' title='bbox 157 3926 301 3994; x_wconf 81' lang='lat' dir='ltr'>senstigen</span> <span class='ocrx_word' id='word_1_367' title='bbox 328 3925 532 3995; x_wconf 81' lang='lat' dir='ltr'>Gegenstiiude.</span> <span class='ocrx_word' id='word_1_368' title='bbox 576 3924 640 3979; x_wconf 84' lang='lat' dir='ltr'>vinz</span> <span class='ocrx_word' id='word_1_369' title='bbox 658 3922 832 3978; x_wconf 82' lang='lat' dir='ltr'>zuriichwich</span> <span class='ocrx_word' id='word_1_370' title='bbox 854 3923 988 3978; x_wconf 90' lang='lat' dir='ltr'>uudsein</span> <span class='ocrx_word' id='word_1_371' title='bbox 1008 3923 1161 3977; x_wconf 74' lang='grc'>1111111011-</span> 
     </span>
     <span class='ocr_line' id='line_1_40' title="bbox 53 4005 1162 4078; baseline -0.003 -17"><span class='ocrx_word' id='word_1_372' title='bbox 53 4020 125 4062; x_wconf 73' lang='lat' dir='ltr'>nerra</span> <span class='ocrx_word' id='word_1_373' title='bbox 151 4007 291 4077; x_wconf 79' lang='lat' dir='ltr'>quaedum]</span> <span class='ocrx_word' id='word_1_374' title='bbox 321 4009 459 4078; x_wconf 82' lang='lat' dir='ltr'>geradezu</span> <span class='ocrx_word' id='word_1_375' title='bbox 485 4028 533 4064; x_wconf 91' lang='lat' dir='ltr'>un·</span> <span class='ocrx_word' id='word_1_376' title='bbox 575 4008 671 4063; x_wconf 79' lang='lat' dir='ltr'>fiihrte</span> <span class='ocrx_word' id='word_1_377' title='bbox 688 4006 758 4062; x_wconf 84' lang='lat' dir='ltr'>auch</span> <span class='ocrx_word' id='word_1_378' title='bbox 775 4007 846 4061; x_wconf 88' lang='lat' dir='ltr'>nach</span> <span class='ocrx_word' id='word_1_379' title='bbox 864 4006 928 4061; x_wconf 91' lang='lat' dir='ltr'>dem</span> <span class='ocrx_word' id='word_1_380' title='bbox 936 4005 1093 4060; x_wconf 84' lang='lat' dir='ltr'>Eintreffeu</span> <span class='ocrx_word' id='word_1_381' title='bbox 1109 4007 1162 4060; x_wconf 87' lang='lat' dir='ltr'>sei·</span> 
     </span>
     <span class='ocr_line' id='line_1_41' title="bbox 53 4089 1159 4160; baseline -0.004 -15"><span class='ocrx_word' id='word_1_382' title='bbox 53 4093 108 4146; x_wconf 74' lang='lat' dir='ltr'>Lehe</span> <span class='ocrx_word' id='word_1_383' title='bbox 126 4091 226 4160; x_wconf 79' lang='lat' dir='ltr'>Dinge.</span> <span class='ocrx_word' id='word_1_384' title='bbox 251 4119 284 4129; x_wconf 91' lang='lat'>-</span> <span class='ocrx_word' id='word_1_385' title='bbox 310 4090 431 4160; x_wconf 71' lang='lat' dir='ltr'>luminis]</span> <span class='ocrx_word' id='word_1_386' title='bbox 449 4093 536 4147; x_wconf 80' lang='lat' dir='ltr'>wohir</span> <span class='ocrx_word' id='word_1_387' title='bbox 578 4108 627 4145; x_wconf 87' lang='lat' dir='ltr'>nes</span> <span class='ocrx_word' id='word_1_388' title='bbox 645 4090 843 4159; x_wconf 84' lang='lat' dir='ltr'>Nachiolgers,</span> <span class='ocrx_word' id='word_1_389' title='bbox 869 4095 969 4160; x_wconf 75' lang='lat' dir='ltr'>zeugis</span> <span class='ocrx_word' id='word_1_390' title='bbox 987 4089 1159 4144; x_wconf 87' lang='lat' dir='ltr'>mindestens</span> 
     </span>
     <span class='ocr_line' id='line_1_42' title="bbox 53 4171 1159 4245; baseline -0.001 -18"><span class='ocrx_word' id='word_1_391' title='bbox 53 4177 142 4244; x_wconf 13' lang='lat' dir='ltr'>oppius</span> <span class='ocrx_word' id='word_1_392' title='bbox 160 4176 355 4245; x_wconf 68' lang='lat' dir='ltr'>gilh-raedct</span> <span class='ocrx_word' id='word_1_393' title='bbox 366 4216 373 4230; x_wconf 87' lang='lat'>.</span> <span class='ocrx_word' id='word_1_394' title='bbox 384 4216 390 4229; x_wconf 92' lang='lat'><strong>.</strong></span> <span class='ocrx_word' id='word_1_395' title='bbox 400 4176 470 4243; x_wconf 73' lang='grc'>,11011</span> <span class='ocrx_word' id='word_1_396' title='bbox 479 4176 535 4245; x_wconf 81' lang='lat' dir='ltr'><strong>vgl.</strong></span> <span class='ocrx_word' id='word_1_397' title='bbox 579 4192 633 4230; x_wconf 86' lang='lat' dir='ltr'>von</span> <span class='ocrx_word' id='word_1_398' title='bbox 651 4175 728 4230; x_wconf 89' lang='lat' dir='ltr'>einer</span> <span class='ocrx_word' id='word_1_399' title='bbox 744 4173 925 4243; x_wconf 81' lang='lat' dir='ltr'>feiudseligeu</span> <span class='ocrx_word' id='word_1_400' title='bbox 938 4171 1100 4243; x_wconf 78' lang='lat' dir='ltr'>Stimmung</span> <span class='ocrx_word' id='word_1_401' title='bbox 1116 4173 1159 4241; x_wconf 88' lang='lat' dir='ltr'>(zu</span> 
     </span>
     <span class='ocr_line' id='line_1_43' title="bbox 73 4256 1160 4329; baseline -0.006 -15"><span class='ocrx_word' id='word_1_402' title='bbox 73 4263 111 4327; x_wconf 81' lang='lat'>15,</span> <span class='ocrx_word' id='word_1_403' title='bbox 132 4264 161 4313; x_wconf 90' lang='lat'>1:</span> <span class='ocrx_word' id='word_1_404' title='bbox 178 4262 224 4313; x_wconf 74' lang='lat' dir='ltr'>aad</span> <span class='ocrx_word' id='word_1_405' title='bbox 241 4270 277 4315; x_wconf 80' lang='lat' dir='ltr'>cat</span> <span class='ocrx_word' id='word_1_406' title='bbox 293 4263 447 4326; x_wconf 74' lang='lat' dir='ltr'>incredibile,</span> <span class='ocrx_word' id='word_1_407' title='bbox 455 4280 534 4329; x_wconf 80' lang='lat' dir='ltr'>quam</span> <span class='ocrx_word' id='word_1_408' title='bbox 576 4275 620 4326; x_wconf 80' lang='lat' dir='ltr'>ap.</span> <span class='ocrx_word' id='word_1_409' title='bbox 645 4260 688 4326; x_wconf 88' lang='grc'>49,</span> <span class='ocrx_word' id='word_1_410' title='bbox 713 4256 757 4325; x_wconf 82' lang='grc'>3);</span> <span class='ocrx_word' id='word_1_411' title='bbox 782 4256 985 4312; x_wconf 80' lang='lat' dir='ltr'>ausiiihrlicher</span> <span class='ocrx_word' id='word_1_412' title='bbox 1003 4257 1034 4324; x_wconf 88' lang='lat' dir='ltr'>V,</span> <span class='ocrx_word' id='word_1_413' title='bbox 1061 4260 1101 4322; x_wconf 88' lang='grc'>17,</span> <span class='ocrx_word' id='word_1_414' title='bbox 1127 4258 1160 4310; x_wconf 87' lang='lat'>6:</span> 
     </span>
     <span class='ocr_line' id='line_1_44' title="bbox 52 4343 1161 4413; baseline -0.003 -16"><span class='ocrx_word' id='word_1_415' title='bbox 52 4348 97 4397; x_wconf 77' lang='lat' dir='ltr'>otii</span> <span class='ocrx_word' id='word_1_416' title='bbox 114 4345 215 4398; x_wconf 60' lang='lat' dir='ltr'>memor</span> <span class='ocrx_word' id='word_1_417' title='bbox 223 4363 233 4406; x_wconf 84' lang='lat'>,·</span> <span class='ocrx_word' id='word_1_418' title='bbox 251 4361 295 4413; x_wconf 83' lang='lat' dir='ltr'>ep.</span> <span class='ocrx_word' id='word_1_419' title='bbox 315 4346 356 4411; x_wconf 83' lang='lat'>13,</span> <span class='ocrx_word' id='word_1_420' title='bbox 370 4347 395 4399; x_wconf 86' lang='grc'>4.</span> <span class='ocrx_word' id='word_1_421' title='bbox 575 4344 680 4411; x_wconf 80' lang='lat' dir='ltr'>Appias</span> <span class='ocrx_word' id='word_1_422' title='bbox 696 4351 790 4408; x_wconf 64' lang='lat' dir='ltr'>nossa,</span> <span class='ocrx_word' id='word_1_423' title='bbox 806 4359 865 4394; x_wconf 80' lang='lat' dir='ltr'>cum</span> <span class='ocrx_word' id='word_1_424' title='bbox 879 4359 918 4396; x_wconf 82' lang='lat' dir='ltr'>me</span> <span class='ocrx_word' id='word_1_425' title='bbox 935 4344 1076 4395; x_wconf 70' lang='lat' dir='ltr'>ademirus</span> <span class='ocrx_word' id='word_1_426' title='bbox 1092 4343 1161 4394; x_wconf 79' lang='lat' dir='ltr'>oide-</span> 
     </span>
     <span class='ocr_line' id='line_1_45' title="bbox 53 4424 1158 4497; baseline -0.005 -16"><span class='ocrx_word' id='word_1_427' title='bbox 53 4431 141 4497; x_wconf 74' lang='lat' dir='ltr'>llusflt</span> <span class='ocrx_word' id='word_1_428' title='bbox 149 4431 304 4497; x_wconf 69' lang='lat' dir='ltr'>campania</span> <span class='ocrx_word' id='word_1_429' title='bbox 314 4427 368 4496; x_wconf 78' lang='lat' dir='ltr'>noa]</span> <span class='ocrx_word' id='word_1_430' title='bbox 379 4427 533 4483; x_wconf 85' lang='lat' dir='ltr'>iiberseine</span> <span class='ocrx_word' id='word_1_431' title='bbox 574 4437 621 4493; x_wconf 77' lang='lat' dir='ltr'>rai,</span> <span class='ocrx_word' id='word_1_432' title='bbox 634 4429 768 4494; x_wconf 77' lang='lat' dir='ltr'>profectae</span> <span class='ocrx_word' id='word_1_433' title='bbox 784 4435 819 4479; x_wconf 76' lang='lat' dir='ltr'>est</span> <span class='ocrx_word' id='word_1_434' title='bbox 840 4424 952 4479; x_wconf 70' lang='lat' dir='ltr'>Tarsum</span> <span class='ocrx_word' id='word_1_435' title='bbox 969 4444 1048 4495; x_wconf 81' lang='lat' dir='ltr'>usquc</span> <span class='ocrx_word' id='word_1_436' title='bbox 1061 4427 1158 4478; x_wconf 79' lang='lat' dir='ltr'>Laodi·</span> 
     </span>
     <span class='ocr_line' id='line_1_46' title="bbox 52 4500 1176 4581; baseline -0.007 -16"><span class='ocrx_word' id='word_1_437' title='bbox 52 4511 237 4581; x_wconf 76' lang='lat' dir='ltr'>rnniitzigkeit</span> <span class='ocrx_word' id='word_1_438' title='bbox 251 4512 322 4568; x_wconf 85' lang='lat' dir='ltr'>auch</span> <span class='ocrx_word' id='word_1_439' title='bbox 336 4500 440 4566; x_wconf 75' lang='lat' dir='ltr'>adaia.</span> <span class='ocrx_word' id='word_1_440' title='bbox 452 4508 481 4579; x_wconf 88' lang='lat' dir='ltr'>V,</span> <span class='ocrx_word' id='word_1_441' title='bbox 493 4514 532 4578; x_wconf 89' lang='lat'>10,</span> <span class='ocrx_word' id='word_1_442' title='bbox 575 4528 638 4576; x_wconf 70' lang='grc' dir='ltr'>ωας</span> <span class='ocrx_word' id='word_1_443' title='bbox 664 4512 700 4566; x_wconf 78' lang='lat' dir='ltr'>ihi</span> <span class='ocrx_word' id='word_1_444' title='bbox 720 4512 815 4581; x_wconf 72' lang='lat' dir='ltr'>sorum</span> <span class='ocrx_word' id='word_1_445' title='bbox 840 4510 905 4580; x_wconf 80' lang='lat' dir='ltr'>opit,</span> <span class='ocrx_word' id='word_1_446' title='bbox 929 4528 992 4565; x_wconf 80' lang='lat' dir='ltr'>curo</span> <span class='ocrx_word' id='word_1_447' title='bbox 1013 4527 1058 4577; x_wconf 74' lang='lat' dir='ltr'>apo</span> <span class='ocrx_word' id='word_1_448' title='bbox 1076 4511 1128 4561; x_wconf 76' lang='lat' dir='ltr'>sim</span> <span class='ocrx_word' id='word_1_449' title='bbox 1141 4509 1176 4557; x_wconf 67' lang='lat' dir='ltr'>in</span> 
     </span>
    </p>
   </div>
   <div class='ocr_carea' id='block_1_4' title="bbox 0 0 1306 4890">
    <p class='ocr_par' dir='ltr' id='par_1_5' title="bbox 0 0 1306 4890">
     <span class='ocr_line' id='line_1_47' title="bbox 0 0 1306 4890; baseline 0 2"><span class='ocrx_word' id='word_1_450' title='bbox 0 0 1306 4890; x_wconf 95' lang='lat' dir='ltr'> </span> 
     </span>
    </p>
   </div>
  </div>
 </body>
</html>
