2602 4890
55 213 74 283 l
443 215 679 284 mmmm
1117 224 1159 287 m

55 381 135 445 reule
165 381 313 460 moleste,
344 380 432 464 quod
462 386 495 446 et
524 402 611 461 eum,
643 402 739 465 quem
770 403 896 468 semper
924 386 1032 465 dilexi,
1062 387 1161 454 nimis

55 482 141 547 ciant
173 486 205 545 et
227 482 332 559 timeo,
362 486 431 546 tam
452 480 620 546 vehemens
641 482 691 546 vir
712 488 845 567 tamque
874 505 948 550 scer
968 487 1001 551 in
1023 487 1107 554 ferro
1128 493 1162 554 et

62 582 209 646 insuetus
248 581 462 647 contumeliae
495 602 536 646 ne
573 584 660 647 omni
699 583 798 648 enimi
831 584 953 668 impetu
989 586 1094 653 dolori
1128 594 1162 653 et

55 681 144 746 sdiae
166 690 290 764 parent.

55 781 152 847 libuli
174 782 232 864 qui
252 781 295 846 sit
315 782 420 847 exitus
448 782 589 861 futurus,
611 783 734 864 nesci03
762 788 801 848 ut
821 804 906 849 nuno
927 806 977 851 res
999 787 1162 869 sehabet,
1187 802 1206 861 5

55 882 142 949 ebili
172 881 280 964 glosis
308 887 373 946 est:
409 883 466 965 qni
496 903 569 947 cum
599 884 730 949 comitis
759 885 792 948 in
823 906 959 952 mensem
991 886 1164 955 Octobrem

55 986 145 1063 isset,
168 982 258 1066 quod
275 983 355 1048 solet
373 1004 411 1047 es
427 1004 478 1047 res
494 983 608 1066 populi
625 984 825 1050 voluntatem
842 985 1011 1066 offendere,
1029 996 1164 1070 putarat

55 1108 75 1150 r
92 1083 243 1149 oratione
260 1104 319 1147 sus
339 1103 433 1166 posse
450 1084 571 1167 impelli
589 1086 781 1166 contionem,
799 1090 840 1150 ut
856 1086 919 1151 iret
937 1086 978 1151 ad
996 1087 1162 1170 Bibulum3

55 1234 60 1251 .
90 1205 164 1249 cum
193 1183 433 1248 seditiosissime
463 1183 593 1263 diceret,
626 1205 735 1250 vocem
764 1187 940 1269 exprimere
960 1209 1026 1254 non
1046 1191 1165 1272 potuit.

55 1284 213 1370 quaeris?
234 1283 384 1349 Sentiunt
402 1303 435 1347 se
453 1284 574 1348 nullom
592 1285 690 1349 ullius
708 1286 811 1369 psrtis
823 1287 1024 1353 voluntalem
1042 1294 1163 1370 tenere3

55 1388 119 1469 egis
140 1385 188 1449 vis
209 1385 301 1449 nobis
323 1391 372 1449 est
392 1384 543 1450 timendo.

55 1486 174 1551 llodius
195 1485 343 1549 inimicus
374 1490 423 1549 est
453 1483 565 1562 nobis;
594 1484 765 1568 Pompeius
795 1486 964 1552 confirmat
985 1508 1058 1552 eum
1079 1488 1162 1553 nihil
1189 1500 1207 1553 6

55 1589 219 1652 iacturum
251 1591 364 1650 contrs
393 1605 460 1651 me:
496 1585 575 1650 mihi
604 1585 823 1669 periculosum
857 1592 906 1652 est
938 1588 1085 1669 credere3
1120 1590 1163 1656 sd

55 1688 170 1754 endum
184 1706 235 1749 me
249 1705 339 1768 paro.
360 1685 476 1750 Studia
490 1707 583 1768 spero
601 1707 651 1751 me
668 1706 793 1750 summe
812 1686 1002 1752 habiturum
1021 1691 1163 1755 omnium

54 1811 117 1855 um.
162 1786 207 1850 Te
230 1808 301 1851 cum
322 1807 383 1868 ego
405 1786 560 1867 desidero,
592 1792 662 1852 tum
684 1808 760 1852 vero
790 1808 840 1853 res
871 1788 913 1853 sd
934 1794 1060 1872 tempus
1080 1789 1164 1855 illud

62 1912 69 1954 :
92 1889 269 1973 plurimum
291 1886 425 1967 consilii,
447 1888 555 1966 animi,
575 1887 727 1971 praesidii
749 1888 888 1972 denique
909 1889 998 1969 mihi,
1020 1889 1048 1953 si
1068 1894 1101 1954 te
1121 1890 1164 1956 ad

55 2013 85 2055 is
115 1989 245 2067 videro,
275 1988 450 2054 accesserit.
501 1987 604 2054 Varro
635 1988 714 2053 mihi
744 1991 823 2054 satie
853 1989 950 2069 facit3
989 1990 1165 2073 Pompeius

55 2112 104 2155 :ur
127 2088 297 2153 divinitus:
328 2107 423 2170 spero
452 2108 512 2151 nos
542 2093 600 2152 aut
630 2093 715 2153 certe
737 2109 811 2153 cum
832 2109 957 2154 summa
978 2089 1084 2172 gloria
1105 2096 1164 2154 sut

55 2247 57 2253 ,
80 2191 150 2255 sine
172 2188 318 2253 molestis
335 2186 536 2254 discessuros.
571 2186 630 2266 Tu,
652 2187 732 2271 quid
749 2209 838 2271 agas,
860 2209 955 2272 quem
974 2189 1164 2256 admodum

56 2291 165 2369 lectos,
187 2287 266 2371 quid
288 2309 360 2352 cum
380 2288 536 2372 Sicyoniis
557 2288 670 2371 egeris,
691 2293 728 2352 ut
749 2288 848 2354 sciam
870 2311 955 2355 cura.

55 2608 176 2676 'scotresd
203 2623 339 2676 gensuer:
365 2606 415 2660 sni
429 2606 483 2660 den
502 2607 542 2659 18.
585 2605 692 2659 Ciceros
709 2606 759 2660 suf
774 2607 867 2661 diesen
883 2608 1032 2661 zowirken
1052 2608 1165 2663 suchsn.

55 2710 84 2745 er
112 2689 172 2757 (20,
198 2689 235 2757 6);
261 2689 414 2759 regelrecht
440 2689 543 2743 fenden
584 2688 641 2743 Der
649 2690 920 2759 iibersehwengliche
930 2691 1077 2745 Ausdrnck
1090 2694 1164 2745 Pom·

56 2774 308 2828 onsulsrkomitien
334 2790 398 2827 vom
427 2775 467 2826 10.
484 2771 543 2825 Juli
581 2776 658 2841 peius
683 2777 797 2841 loquitor
822 2776 961 2841 divinitus,
988 2775 1066 2828 nicht
1092 2774 1165 2829 ohne

58 2863 93 2911 tt.
128 2857 283 2911 Mommsen
309 2855 342 2910 R.
370 2854 410 2909 St.
437 2859 459 2922 1,
485 2858 543 2922 481,
584 2856 721 2910 ironischs
746 2857 880 2926 Fiirbung
907 2856 963 2925 (IV,
987 2862 1012 2923 9,
1039 2861 1069 2912 l:
1102 2875 1166 2911 sasso

69 2969 97 2979 -·
131 2943 200 3008 quod
230 2943 292 2993 solet
316 2938 454 3007 offendere]
481 2941 544 3007 quio
584 2942 1165 3008 sibidisplicesss‚sstloqsscbatur...

55 3044 65 3076 s
81 3026 183 3076 nummi
192 3025 381 3076 dividebantur.
398 3024 543 3075 Manutius.
585 3026 620 3077 sic
637 3027 787 3078 estcnims'rs
794 3026 946 3077 lsoclsoms'rsc
955 3022 1165 3091 diocodrsm...)‚

56 3111 126 3177 μδ,
146 3110 185 3160 12.
212 3138 244 3146 —
271 3110 307 3159 ool
324 3105 457 3174 Bibulum]
479 3123 544 3160 sum
585 3108 653 3176 geht
681 3107 821 3162 nstiirlioh
847 3122 901 3159 nur
926 3106 976 3159 suf
999 3106 1045 3159 die
1072 3107 1167 3175 Ange·

68 3193 119 3246 des
129 3191 252 3256 Bibulus,
261 3190 297 3245 ds
312 3209 343 3245 er
356 3193 456 3247 snders
465 3190 544 3244 nicht
585 3190 726 3260 legenheit
743 3191 797 3243 mit
814 3187 936 3257 Clodius3
958 3191 1084 3257 gemeint
1102 3190 1167 3245 sind

55 3274 150 3329 rechen
168 3291 242 3341 wsr3
259 3274 305 3328 die
322 3275 471 3330 feindliche
488 3275 545 3328 Ab·
585 3274 657 3330 wohl
690 3271 893 3328 hsuchlerische
928 3272 1167 3342 Versieherungen

60 3359 129 3425 liegt
155 3362 213 3409 esst
241 3357 271 3409 in
296 3360 488 3411 seditiosissime.
513 3387 541 3397 -
586 3359 637 3413 wie
654 3357 699 3411 die
715 3357 751 3424 11,
767 3358 809 3423 20,
826 3359 842 3410 2
859 3356 969 3411 citisrte
984 3357 1033 3410 des
1051 3357 1167 3424 Pompe-

68 3443 243 3494 audientium.
269 3472 302 3481 -
325 3444 396 3507 Quid
411 3443 543 3513 quocrisi]
583 3443 644 3511 jus:
661 3460 687 3494 se
702 3443 778 3508 prius
794 3443 903 3494 occisum
920 3443 956 3493 iri
972 3437 1166 3507 abeo(Clodio)

55 3528 103 3591 ,5,
128 3529 153 3578 4.
179 3553 214 3563 -
239 3525 360 3579 Sentium
386 3525 461 3594 ..]
488 3527 545 3580 fest
585 3545 665 3594 qums
681 3544 721 3579 me
745 3527 868 3578 violatum
892 3525 935 3577 iri.
961 3551 993 3560 -
1018 3533 1064 3575 ord
1090 3522 1166 3589 certe]

55 3608 184 3663 enselben
202 3606 319 3663 Wortsn
345 3609 398 3662 wie
415 3626 460 3678 ep.
477 3612 502 3678 9,
518 3613 544 3664 2.
586 3620 650 3663 certe
674 3608 776 3677 gehdrt
801 3625 835 3661 zu
857 3607 957 3662 beiden
975 3606 1167 3676 Sstzgliedern

586 3693 639 3746 mit
656 3702 718 3745 ons:
733 3690 880 3759 jedenfslls
897 3690 1037 3745 entweder
1050 3730 1057 3743 .
1068 3729 1090 3743 ..
1102 3689 1167 3743 oder

55 3779 74 3829 d
99 3786 197 3842 ternpus
221 3773 297 3843 illud]
323 3792 405 3829 menn
431 3792 459 3830 es
481 3793 543 3829 zum
587 3772 948 3844 dochwenigstenslssiam).
962 3771 1167 3840 -discessusos]

56 3861 83 3914 fe
102 3859 219 3912 kommt.
237 3860 423 3929 wormes]
442 3860 544 3930 gleioh·
585 3879 619 3913 zu
645 3876 689 3927 ep.
714 3861 756 3922 23,
785 3861 808 3910 1.
834 3884 867 3893 -
893 3853 1029 3923 Sicyoniis]
1055 3854 1167 3909 Atticus

55 3960 78 3995 ss
105 3941 255 3995 Eintreten
281 3942 331 3995 der
356 3942 463 4010 Haupt·
489 3944 547 3997 und
588 3944 668 3996 hatte
693 3941 761 3996 Geld
788 3957 843 3993 von
868 3938 955 3992 ihnen
988 3956 1021 3990 zu
1047 3937 1168 3990 fordsrn.

55 4025 223 4094 ihsndlnng:
249 4025 335 4080 dsher
352 4025 416 4080 Fut.
435 4043 477 4079 ex.
495 4026 546 4080 ΕΒ.
588 4026 658 4080 Dsss
684 4026 758 4079 diese
784 4021 1004 4090 Angelegsnheit
1028 4020 1168 4075 identissh

73 4108 107 4161 Ε.
124 4108 180 4162 PA.
200 4112 223 4175 1,
241 4111 298 4175 188,
315 4111 338 4162 3.
350 4137 378 4145 -
402 4109 494 4177 Varro]
512 4128 546 4163 zu
588 4110 626 4162 ist
644 4108 696 4162 mit
713 4109 762 4162 der
775 4123 818 4174 ep.
835 4107 852 4157 4
869 4106 1042 4171 erwiihnten‚
1063 4105 1101 4157 ist
1119 4121 1170 4156 un·

55 4220 66 4244 .,
102 4190 192 4246 Schon
210 4195 244 4247 70
260 4210 314 4261 eng
332 4192 385 4245 mit
399 4193 546 4262 Pompejus
588 4190 825 4257 wshrscheinlioh,
852 4188 889 4241 de
907 4189 971 4255 jene
989 4188 1062 4242 nech
1079 4204 1122 4256 ep.
1140 4186 1167 4252 ὅ,

55 4273 139 4341 iudet,
156 4276 237 4331 sollte
245 4293 276 4331 er
282 4276 352 4344 jetzt
361 4276 400 4330 im
409 4277 547 4331 Interesse
590 4279 621 4330 16
638 4276 721 4330 sehon
740 4272 860 4340 erledigt
877 4287 942 4324 wsr.
