2602 4890
13 130 17 139 ¹
115 187 176 249 236
592 185 637 238 aa
662 186 728 239 fam.
744 184 805 252 xv,
820 188 846 239 4.
1198 184 1258 257 [nu
1271 188 1298 245 u

116 349 272 434 padociae
289 368 433 431 regnum,
450 355 557 415 tecum
575 348 615 414 de
632 370 683 415 me
700 350 883 433 loquentur,
897 357 978 434 puto
996 353 1095 417 stiam
1112 372 1219 435 regem
1229 352 1294 419 Dei

116 455 236 529 tarum,
268 450 324 531 qui
353 469 436 514 unus
466 449 526 514 tihi
556 456 605 514 est
635 452 772 515 maxime
801 451 1008 517 necessarius.
1061 454 1153 530 Quae
1178 454 1206 517 si
1227 454 1298 519 et'

119 551 243 615 maiora
273 554 350 614 sunt
378 556 411 613 et
440 548 474 611 in
497 549 646 615 omnibus
668 549 805 614 saeculis
826 551 995 632 pauciores
1016 552 1078 617 viri
1099 555 1220 636 reperti
1240 576 1293 619 sun

117 651 174 733 qui
194 670 269 714 suas
291 648 494 733 cupiditates,
518 667 617 730 quam
634 648 691 731 qui
708 649 851 713 hostium
869 650 977 733 copias
995 648 1170 730 vincerent,
1186 657 1235 716 est
1251 674 1272 735 p
1293 682 1297 708 ·

117 751 201 815 scoto
224 758 326 829 tuum,
349 770 421 814 cum
443 747 558 812 adres
582 747 714 813 bellicas
736 749 825 828 haec,
849 770 933 832 quae
952 750 1078 816 rariora
1095 757 1128 816 et
1146 750 1285 817 difficilio

117 857 211 930 sunt,
247 871 365 932 genera
393 848 524 913 virtutis
554 848 756 928 adiunxeris,
790 849 878 932 ipsas
907 851 1005 915 etiam
1036 850 1109 915 illas
1140 872 1192 916 res
1222 872 1294 933 ges

118 952 266 1016 iustiores
288 972 357 1015 esse
379 957 411 1014 et
434 950 570 1013 maiores
592 955 716 1032 putare.

77 1077 109 1131 1ss
202 1053 391 1117 Extremum
412 1049 495 1114 illud
516 1056 573 1129 ost,
595 1055 634 1114 ut
655 1052 747 1133 quasi
769 1050 917 1116 diffidens
934 1051 1097 1132 rogationi
1114 1072 1205 1117 meae
1223 1051 1294 1135 phil

120 1153 267 1235 sophiam
290 1153 331 1217 ad
354 1157 387 1216 te
409 1151 554 1233 allegem,
575 1173 641 1234 qua
662 1173 719 1217 nec
741 1153 818 1216 mihi
841 1152 947 1218 carior
965 1153 1032 1218 ulla
1049 1173 1207 1235 umquam
1224 1154 1300 1219 res'

121 1255 187 1318 rita
210 1254 272 1317 tuit
294 1273 353 1316 neo
374 1252 539 1317 hominum
557 1252 665 1334 generi
686 1254 790 1318 maius
812 1273 833 1317 a
854 1253 921 1318 deis
942 1274 1060 1318 munus
1076 1253 1181 1318 ullum
1203 1259 1251 1319 est
1273 1280 1292 1309 ιτ

120 1360 210 1418 tum:
242 1354 322 1419 haec
343 1353 454 1436 igitur,
482 1354 667 1437 quaemihi
689 1360 795 1418 tecum
818 1355 996 1420 communis
1017 1362 1075 1434 est,
1098 1354 1237 1418 societas
1256 1358 1296 1418 su

120 1457 245 1520 diorum
268 1463 365 1537 atque
388 1454 508 1518 artium
530 1462 723 1532 nostrarum,
753 1454 871 1538 quibus
893 1476 913 1520 a
934 1454 1074 1537 pueritia
1095 1453 1198 1519 dediti
1215 1475 1252 1519 ac
1268 1452 1293 1516 d:

120 1608 341 1676 angebrecht.-
364 1607 703 1677 Opprao]die1nse1war
745 1608 978 1677 untergeordnete
1000 1606 1109 1676 Fragen
1135 1606 1205 1661 iiber
1222 1605 1294 1659 Eira

121 1690 207 1743 durch
224 1690 291 1745 Cato
309 1692 447 1745 riimische
464 1692 582 1745 Provinz
600 1707 702 1759 gewor·
744 1691 854 1744 heiten:
880 1707 944 1744 vom
968 1690 1213 1757 philosophischen
1230 1684 1300 1742 Stend

121 1774 175 1826 den
202 1773 246 1834 (58
264 1793 289 1828 u.
307 1774 350 1841 57)
377 1775 435 1828 und
453 1775 532 1828 hatte
551 1774 591 1827 ale
610 1774 703 1827 solche
745 1774 837 1843 punlrt
864 1791 913 1827 aus
940 1774 1051 1826 mochis
1078 1774 1147 1826 aber
1165 1774 1233 1826 Ceto
1254 1786 1294 1823 uo*

120 1858 166 1912 die
179 1860 285 1911 Oatoaee
303 1878 337 1912 zu
346 1858 512 1912 Vertretern
530 1859 605 1911 ihrer
614 1859 703 1911 Inter·
744 1857 847 1925 gerede
874 1857 922 1911 das
941 1858 1088 1926 Gegcntcil
1114 1857 1233 1911 denken.
1262 1852 1294 1914 Vr

121 1958 198 1995 essen
216 1941 351 2009 (patroni).
393 1941 437 1995 Sie
454 1941 570 2009 gehdrie
595 1942 702 1996 damals
744 1941 809 1993 fam.
827 1939 902 2007 XIII,
928 1944 977 2008 29,
1005 1945 1036 1994 1:
1062 1943 1195 1995 accedebat
1211 1958 1260 1991 more
1294 1974 1296 1979 »

121 2043 155 2078 zu
173 2026 279 2078 Ciceros
298 2026 479 2093 Verwalhung
497 2025 541 2091 (zu
559 2043 601 2094 ep.
617 2028 657 2092 26,
667 2024 702 2092 6).
744 2027 829 2078 diocre
854 2027 984 2079 ainardum
1004 2044 1061 2078 cam
1079 2027 1237 2091 stadim-um,
1263 2047 1299 2066 «w

120 2136 153 2147 -
167 2110 348 2177 Cappadociae
364 2108 482 2179 repham]
500 2108 592 2175 zussd.
607 2139 637 2147 -
648 2128 702 2160 ma·
744 2110 829 2175 meum
846 2119 882 2160 eet
895 2127 945 2175 per
961 2127 986 2161 ee
1001 2126 1087 2175 praee,
1105 2118 1160 2160 tam
1177 2125 1260 2160 eorum

40 2222 43 2227 ·
121 2194 176 2243 iora
194 2192 262 2261 sumt]
290 2195 329 2247 als
347 2194 565 2262 Kriegshhaten3
588 2192 661 2257 514:
680 2200 703 2244 te
745 2193 846 2243 diorum
866 2210 1005 2259 earumque
1022 2193 1133 2256 artium,
1158 2208 1224 2259 quae
1240 2206 1279 2257 per

120 2294 173 2328 mom
190 2286 243 2327 tam
261 2307 350 2330 ...—
363 2273 701 2345 pauciores...oiacereret]
743 2276 816 2341 ipsae
842 2293 899 2342 eoa,
923 2277 969 2342 qai
993 2278 1122 2328 volumtate
1148 2275 1237 2327 eadem

122 2359 262 2413 vielleicht
283 2362 344 2415 eine
362 2361 554 2414 Reminiscenz
572 2358 701 2412 eusdem
744 2361 822 2411 etiam
843 2360 1030 2425 familiaritate
1056 2360 1211 2411 devinciant.
1259 2360 1298 2401 1ιι7

121 2443 206 2496 echon
224 2461 267 2512 ep.
285 2447 325 2510 24,
343 2449 358 2499 7
377 2445 540 2497 erwiihnten
561 2442 702 2511 Agesilaos
745 2442 788 2496 die
824 2440 1006 2509 Verbindung
1040 2458 1095 2494 von
1126 2438 1249 2494 Wieeene
1270 2463 1271 2480 i
1296 2447 1299 2478 i

121 2527 347 2596 desXenoph0n3
365 2546 386 2581 s.
403 2530 427 2593 5,
445 2531 476 2582 6:
499 2525 570 2581 aelii
590 2529 702 2588 πλέονες
745 2526 803 2579 und
821 2524 1002 2578 Staatekunsi
1025 2526 1094 2577 liisst
1111 2523 1207 2577 Cicero
1224 2522 1255 2577 de
1267 2520 1294 2578 14

122 2615 174 2666 τῶν
199 2614 337 2676 πολεμίων
354 2607 370 2681 ἢ
389 2615 442 2666 τῶν
462 2611 590 2664 τοιούτων
609 2614 703 2665 deivar-
744 2609 793 2675 III,
812 2610 844 2660 14
862 2608 916 2661 den
934 2607 1044 2661 Atticus
1063 2623 1165 2674 segon:
1187 2608 1240 2659 Ph
1259 2638 1284 2649 a«

122 2716 166 2747 ται
184 2704 299 2763 κρατεῖν.
318 2693 491 2761 (Manutius.)
518 2722 551 2731 -
575 2692 702 2760 iustiores)
744 2696 787 2746 ille
806 2694 1001 2745 Demetrias...
1016 2693 1168 2745 mirabiliter
1185 2690 1289 2744 doctrin

121 2795 169 2830 um
196 2794 226 2830 so
251 2778 445 2847 voligiiltiger3
472 2795 521 2830 zur
538 2776 703 2845 Erlangung
745 2797 776 2831 ec
800 2778 956 2828 ardracalie
982 2777 1141 2827 emeditaram
1162 2778 1257 2843 otioque
1289 2799 1291 2811 ‹

121 2862 169 2914 des
188 2862 354 2929 Triumphes
372 2879 431 2914 wer
448 2878 476 2914 es
495 2860 574 2914 nicht
591 2878 645 2914 nur
663 2877 703 2914 er·
744 2863 817 2913 miodo
834 2863 863 2912 in
880 2862 957 2911 colem
974 2868 1049 2927 atque
1066 2861 1095 2912 im
1108 2862 1257 2926 pulverem,

121 2945 277 3010 forderhch,
295 2945 357 2997 dass
376 2945 420 2997 die
430 2944 605 2998 Weffenthat
622 2944 704 2997 wirh·
744 2949 773 2999 ia
789 2949 874 3013 ipram
891 2944 1029 2995 discrimen
1045 2945 1175 3010 aciemque
1187 2938 1296 3010 prolem

120 3029 176 3081 iich
194 3030 254 3083 eine
265 3028 438 3082 bcdeutende
448 3046 507 3082 war
516 3027 628 3096 (darauf
634 3029 703 3098 geht
744 3049 808 3082 mam
825 3038 847 3081 et
864 3029 1023 3079 mediocriter
1039 3028 1122 3078 doctos
1146 3043 1249 3093 mapnoe
1259 3025 1283 3075 ir

123 3111 183 3164 hier
201 3114 327 3174 maiores,-
354 3129 382 3165 es
400 3112 455 3180 gab
474 3129 556 3180 sogar
573 3112 634 3165 eine
654 3111 703 3165 Bc·
742 3115 849 3180 publica
866 3113 934 3163 ciros
952 3119 975 3162 et
992 3110 1264 3162 doeticeimoehomiuee
1284 3132 1292 3145 0

121 3195 277 3263 stimmung
296 3196 360 3261 (ecit
376 3196 474 3261 190?):
490 3199 592 3264 aequis
610 3199 702 3250 triam
744 3197 821 3247 mimis
837 3196 867 3246 im
884 3213 913 3246 re
927 3195 1033 3260 publica
1048 3194 1256 3245 oereatoemultoe
1266 3215 1280 3233 ν»

119 3281 226 3345 pharet‚
249 3281 297 3330 nisi
314 3281 487 3349 quiquidque
504 3282 578 3332 milia
595 3283 704 3333 hostium
745 3297 887 3331 memorare
909 3294 1056 3345 poseamue,·
1079 3278 1124 3344 qui
1146 3295 1205 3329 uero
1222 3286 1248 3327 at
1266 3295 1300 3316 »ψ’

121 3380 178 3413 aaa
195 3364 250 3414 acie
266 3362 410 3428 cecidisset),
427 3362 546 3416 sondern
562 3363 631 3415 auch
641 3363 704 3416 dass
746 3381 774 3415 re
791 3364 936 3427 recelleret,
961 3370 990 3412 at
1011 3370 1034 3413 et
1051 3362 1185 3413 doctrinae
1200 3358 1300 3412 etudiit

122 3445 166 3498 ein
184 3447 277 3496 hellam
294 3447 389 3497 iactam
407 3444 473 3513 (was
491 3446 536 3499 cin
554 3445 640 3514 Krieg
657 3462 704 3514 ge·
746 3447 857 3513 repende
874 3447 973 3498 civitate
987 3446 1110 3513 princepe
1126 3454 1198 3510 meet,
1217 3438 1296 3512 qaia!

122 3544 175 3596 gen
194 3528 417 3581 aufriihrerische
431 3528 538 3597 Biirger
552 3529 703 3583 oderSlrla·
746 3533 792 3583 cile
816 3539 921 3597 praeter
946 3531 1013 3580 horte
1035 3528 1149 3580 inveniri
1161 3526 1260 3595 potest?
1280 3529 1292 3567 t

123 3628 175 3664 ven
194 3611 272 3664 nicht
290 3612 357 3675 war)
376 3612 489 3680 gefiihrt
507 3613 616 3667 worden
635 3630 705 3679 war;
746 3613 810 3666 rani
833 3615 985 3665 antwortet
1002 3610 1132 3664 Atticus:
1160 3612 1227 3663 Puto

123 3696 163 3759 (so
173 3694 244 3747 euch
254 3697 444 3760 victoriciueta,
454 3699 599 3763 triumphas
609 3699 702 3749 iaetus:
747 3707 769 3750 et
786 3698 887 3764 quidem
905 3697 1016 3762 aliquem
1033 3696 1065 3746 de
1081 3696 1163 3746 tribue
1173 3693 1250 3745 mohie
1272 3684 1300 3733 '2

123 3779 319 3847 ‘vollstiindig’‚
337 3780 381 3832 die
400 3780 493 3832 diesen
511 3780 619 3834 Numen
645 3797 705 3833 ver·
746 3797 791 3833 ser
809 3781 902 3847 aliquia
919 3779 957 3832 ist
975 3777 1042 3830 aber
1059 3777 1130 3830 eben
1141 3777 1243 3830 Cicero.
1266 3768 1297 3823 Vt

123 3862 242 3926 dienen).
262 3863 416 3916 Mommsen
436 3863 468 3916 R.
486 3862 525 3915 St.
543 3863 564 3928 Ι,
583 3865 632 3915 110
643 3862 671 3915 ff.
747 3866 814 3918 Cato
832 3862 919 3915 heisst
937 3879 965 3915 es
983 3862 1022 3914 im
1039 3860 1172 3929 Eingang
1190 3860 1240 3913 der
1248 3857 1280 3911 1²2

159 3948 198 3999 16.
224 3966 241 3998 a
259 3945 320 4014 deis]
347 3947 392 4000 die
418 3947 623 4001 altertiimliche
648 3948 705 4001 und
746 3948 860 4011 doxe1‚
879 3949 909 3998 1:
935 3946 1130 4009 Animadverte,
1148 3944 1239 4006 Brute,

123 4028 296 4082 seierlichere
321 4029 404 4082 Form
429 4030 474 4083 fiir
500 4033 564 4096 eliis,
596 4033 644 4084 die.
672 4060 704 4067 —
751 4031 878 4093 Catonem,
895 4030 1052 4081 avunculum
1068 4037 1152 4093 taam,
1173 4045 1233 4079 aum
1249 4026 1275 4078 iu
1300 4057 1301 4061 =

123 4114 185 4165 haec
210 4114 290 4179 ipitar
307 4153 313 4166 .
332 4154 339 4166 .
358 4153 364 4166 .
381 4116 484 4166 societas
505 4116 647 4166 audieram
667 4126 706 4166 at·
746 4123 811 4165 mata
826 4114 977 4165 eeatemiam
995 4113 1097 4176 diceret,
1113 4112 1179 4162 locos
1191 4124 1278 4177 praees
1294 4135 1301 4146 ν

124 4215 173 4263 que
199 4199 296 4248 artium
313 4195 471 4263 nostrarum]
491 4196 704 4251 Schlnseeffelrt:
742 4198 906 4263 philosophia
926 4204 1039 4248 tractare
1055 4195 1219 4247 abhorrentes
1239 4194 1268 4245 ah
1292 4214 1301 4229 r

124 4280 170 4332 die
204 4280 379 4349 Philosophia
413 4281 453 4334 als
487 4280 533 4333 die
567 4280 705 4334 erhabene
747 4296 797 4330 aea
809 4280 913 4345 forami
929 4288 951 4332 et
969 4280 1076 4345 mellico,
1092 4280 1138 4331 sed
1154 4280 1259 4333 demde
1274 4300 1288 4320 ν’

124 4362 318 4417 Vermittlerin
344 4364 394 4417 der
419 4363 622 4417 Wissenscheft
647 4365 706 4418 and
747 4364 817 4430 requi
834 4372 932 4431 tamem,
957 4372 986 4414 at
1001 4364 1051 4415 illa
1067 4364 1146 4415 etiam
1158 4364 1257 4431 poprelo
1278 4388 1280 4403 ι

124 4447 175 4499 der
208 4446 390 4500 Stastshunet
421 4464 498 4502 muse
529 4448 632 4518 gerade
661 4447 706 4503 bei
747 4448 840 4499 tallia
856 4448 1053 4500 rideremar.-
1071 4464 1089 4497 a
1103 4444 1233 4515 pueritia]
1247 4444 1293 4499 wie

116 4529 186 4585 Ceto
202 4532 232 4585 iu
252 4532 343 4589 dieser
355 4531 442 4589 Socho
460 4531 540 4589 mehr
557 4534 655 4605 gehen
666 4532 708 4588 ais
748 4531 837 4599 prima
852 4538 933 4584 aetate
949 4528 1029 4583 nicht
1045 4528 1254 4595 vonKindheit,
1272 4551 1301 4572 »ν
