2602 4890
136 197 194 259 170
572 192 617 246 aa
632 193 698 246 am.
717 192 775 260 vn,
792 195 817 247 c.
835 170 877 247 7.'
1166 192 1229 263 [sp.
1244 196 1284 249 n.

134 360 251 443 quibus
268 359 327 424 illa
344 359 493 425 manibus
514 359 749 442 gypsatissimis
766 360 938 442 persuasit,
955 380 995 425 ne
1012 360 1077 425 sibi
1094 359 1178 425 vitio
1189 358 1298 425 illaev

134 464 248 535 terent,
272 458 359 542 quod
382 459 509 523 abesset
530 479 550 523 a
571 460 688 539 patria.
731 457 816 523 Nam

217 559 312 624 Multi
333 579 423 623 suam
445 578 512 623 rem
534 558 616 623 bene
638 579 762 640 gessere
783 565 816 625 et
836 559 999 642 publicam
1020 560 1131 642 patria
1152 562 1281 645 procul:

217 659 320 739 Multi,
353 660 408 741 qui
431 660 518 723 domi
544 662 684 724 aetatem
706 666 847 742 agerent,
869 663 1039 742 propterea
1060 667 1138 726 sunt
1157 664 1297 746 improb

92 768 109 817 2
134 760 204 838 Quo
225 762 258 823 in
280 779 414 823 numero
437 765 473 823 tu
493 766 578 825 certe
596 759 720 839 fuisses,
742 759 854 824 uisite
872 761 1125 825 extrusissemus.
1168 761 1231 827 Sed
1246 762 1301 845 plu

133 860 309 925 scribemus
330 859 419 923 alias.
461 858 519 939 Tu,
542 859 599 943 qui
621 861 735 925 ceteris
757 879 867 924 cavere
888 858 1038 939 didicisti,
1060 860 1094 925 in
1112 860 1278 927 Britannia
1296 895 1298 916 r

133 961 175 1025 ab
198 958 366 1025 essedariis
387 959 565 1042 decipiaris,
587 967 699 1026 caveto
722 966 764 1040 et,
787 960 939 1043 quoniam
959 960 1103 1026 Medeam
1126 963 1218 1048 coepi
1235 984 1286 1039 asu

132 1059 212 1123 illud
233 1080 357 1142 semper
378 1066 556 1125 memento:

216 1160 277 1238 Qui
298 1163 366 1243 ipse
387 1160 447 1225 sibi
469 1161 596 1244 sapiens
617 1162 768 1244 prodesse
789 1166 854 1226 non
875 1162 958 1244 quit,
979 1162 1177 1245 nequiquam
1199 1162 1281 1247 sapit

134 1263 229 1340 Cura,
253 1267 288 1325 ut
309 1260 423 1326 valeas

505 1494 966 1579 mmmmmm

287 1661 342 1716 Scr.
361 1662 465 1716 Romae
482 1670 600 1717 exeunte
617 1664 675 1716 fere
692 1681 786 1718 meuse
804 1665 885 1717 Iunio
903 1667 936 1716 A.
953 1662 987 1716 U.
1005 1664 1033 1718 C.
1050 1666 1100 1717 700
1117 1663 1183 1729 (54).

532 1792 686 1859 CICERO
709 1793 929 1860 TREBATIO.

94 1980 106 2029 1
219 1962 288 2043 Ego
310 1968 343 2025 te
365 1960 586 2025 commendare
607 1981 670 2024 non
692 1952 829 2039 desistoss
860 1961 923 2038 sed,
944 1960 1024 2044 quid
1045 1960 1224 2044 proficiam,
1245 1980 1277 2025 ex
1299 1989 1301 2002 ·

135 2063 215 2126 scire
235 2062 346 2144 cupio:
369 2081 456 2142 spem
479 2061 651 2124 maximam
673 2060 774 2125 habeo
796 2061 829 2124 in
852 2059 964 2141 Balbo,
987 2061 1027 2124 ad
1049 2081 1146 2144 quem
1162 2062 1203 2126 de
1222 2068 1273 2125 te
1296 2067 1301 2112 τ’

135 2163 319 2244 gentissime
338 2167 370 2225 ct
387 2160 570 2242 saepissime
587 2160 701 2226 scribo.
736 2160 822 2224 lllud
837 2161 922 2226 soleo
939 2161 1062 2241 mirari,
1080 2181 1145 2226 uon
1157 2180 1210 2225 me
1222 2160 1298 2227 tora

134 2263 276 2345 accipere
297 2268 371 2325 tuas
392 2260 528 2344 litteras,
561 2261 710 2344 quotiens
731 2282 751 2325 a
773 2261 892 2339 Quinto
913 2261 992 2325 mihi
1013 2261 1115 2326 fratre
1138 2260 1269 2326 adseren
1289 2289 1290 2308 ¹

133 2362 170 2427 In
192 2361 362 2427 Britannia
383 2359 464 2424 nihil
485 2381 551 2426 esse
572 2362 668 2426 audio
690 2382 794 2445 neque
816 2363 888 2427 auri
908 2368 1012 2444 neque
1034 2364 1173 2445 argenti:
1196 2360 1231 2425 id
1245 2362 1270 2427 si
1290 2389 1301 2414 ι’

133 2471 191 2543 est,
209 2463 355 2528 essedum
374 2462 506 2547 aliquod
524 2462 633 2545 capias
650 2463 769 2529 suadeo
787 2468 820 2528 et
838 2462 880 2527 ad
896 2483 954 2528 nos
968 2463 1218 2546 quamprimum
1254 2490 1263 2518 ιἸ
1285 2489 1296 2514 ..

133 2782 164 2790 -
191 2753 308 2802 aeonibus
331 2746 524 2816 gypsatissimis]
560 2749 644 2800 Cicero
670 2766 715 2801 occo
756 2747 909 2815 schrieben,
934 2748 1033 2815 Briefe‚
1060 2750 1104 2803 die
1130 2749 1181 2804 dae
1199 2750 1254 2802 Al
1290 2775 1292 2789 ν

132 2854 200 2888 neore
226 2838 322 2887 iocatus
343 2852 394 2884 moa
411 2843 517 2885 veterem
534 2834 609 2884 illam
634 2834 715 2884 heroi·
757 2832 827 2884 noch
845 2832 1017 2901 vollstiiudig
1038 2832 1131 2886 besses
1158 2832 1246 2900 (Suet.
1269 2839 1279 2878 l
1299 2865 1301 2874 ν

133 2938 193 2970 uam
211 2919 321 2984 intellegi
345 2919 406 2981 vult,
432 2917 476 2968 aed
500 2916 676 2967 histrionicam
693 2926 716 2968 et
757 2916 815 2981 56):
833 2916 878 2968 ein
896 2914 1050 2984 Fragment
1071 2916 1116 2970 tei
1134 2916 1283 2986 Philargyr.

130 3013 297 3070 personatam
314 3003 443 3066 Medeam,
468 3002 596 3068 quocirca
613 3003 715 3053 Eureia·
756 2999 839 3067 Verg.
857 2999 956 3068 Georg.
974 3002 999 3064 3,
1015 3002 1081 3053 204:
1110 3002 1209 3053 Gaesao·
1226 3002 1283 3055 libro

133 3106 176 3139 noe
192 3104 280 3139 cereus
296 3087 326 3136 ia
342 3102 436 3137 scaena
451 3103 530 3152 gypso
544 3085 616 3136 illitis
633 3086 714 3135 muot-
761 3085 905 3137 Ciceronem
921 3087 1005 3136 tertio:
1023 3083 1114 3135 ‘multa
1130 3086 1207 3137 milia
1232 3112 1249 3131 a
1263 3086 1282 3122 ='

131 3172 174 3222 trra
187 3170 384 3237 prorauortiando
401 3171 566 3235 persuaderet
591 3169 716 3219 maronis
756 3176 833 3235 atque
842 3169 1028 3220 essedariorum
1039 3165 1292 3233 hoba'ffimlieh

133 3254 352 3305 dertusensem.
387 3252 483 3318 (Nicol.
503 3252 618 3304 boensis
636 3250 714 3303 Miso.
756 3249 944 3318 sivellauuus).
969 3278 1002 3287 —
1025 3252 1054 3302 in
1081 3250 1233 3319 Britannia]
1264 3259 1301 3297 t*

131 3336 254 3402 epiphill.
273 3336 342 3397 11,ss
367 3335 411 3388 bei
431 3334 533 3388 Gruter
555 3334 675 3401 Lampas
693 3351 714 3386 s.
756 3334 924 3387 unternahm
958 3334 1065 3387 damals
1106 3333 1191 3388 einen
1225 3334 1295 3389 zwei

130 3421 178 3471 lux
196 3426 249 3471 art.
266 3419 313 3471 lib,
331 3418 361 3471 T.
379 3417 424 3479 V).
755 3420 877 3487 Feldzug
893 3418 964 3473 nach
982 3418 1156 3473 Britannica.

163 3505 187 3555 2.
205 3521 293 3555 cocere
303 3544 309 3555 .
320 3543 325 3554 .
336 3543 342 3554 .
353 3501 410 3555 und
427 3500 603 3567 ‹lanneaoetol
621 3504 715 3553 zuerst
789 3501 904 3555 XXXII.
923 3505 944 3554 1.
963 3520 1043 3569 nepae
1059 3504 1122 3553 auri
1138 3520 1250 3571 nequeo

130 3587 160 3639 in
175 3586 364 3653 juristisohem
383 3583 466 3636 Sinne
483 3582 582 3650 (ciuem
601 3583 715 3637 Rechts·
756 3587 825 3640 iiber
849 3585 895 3639 die
912 3588 1016 3638 Armut
1041 3584 1090 3638 der
1106 3584 1183 3640 Insel
1210 3604 1247 3641 au
1267 3613 1285 3632 a·

130 3670 260 3723 beistand
278 3670 381 3735 bieten,
407 3667 486 3721 einen
505 3667 715 3731 sicherstellen),
756 3669 897 3735 Metallen,
905 3669 950 3721 die
959 3668 1028 3722 viole
1037 3668 1301 3738 enttausoht0‚fiu

131 3755 204 3807 dann
224 3756 252 3806 in
279 3752 370 3805 seiner
387 3750 595 3820 gewdhnlichen
613 3749 715 3802 Bedeu·
756 3753 813 3807 sich
823 3752 916 3806 Cicero
932 3750 1058 3804 offenbar
1075 3751 1147 3805 nach
1164 3752 1301 3807 deaBru·

130 3842 202 3905 tuug
215 3837 312 3903 (daher
329 3834 399 3888 auch
417 3833 577 3901 decipiaris);
590 3833 715 3887 dasselbe
755 3835 902 3889 Berichten
920 3834 992 3887 auch
1010 3836 1125 3903 Anfang
1143 3837 1257 3905 August
1279 3838 1300 3889 Α

130 3922 281 3989 Wortspiel
300 3919 364 3971 fam.
382 3916 431 3981 Ill,
450 3920 473 3983 1,
490 3919 517 3969 3:
535 3920 567 3970 L.
585 3920 714 3969 Valerium
755 3919 801 3979 IV,
819 3919 860 3983 16,
875 3922 906 3972 7:
932 3920 1059 3984 cognitum
1075 3928 1111 3971 eat
1136 3938 1220 3988 neqroe
1243 3940 1260 3973 a

131 4009 188 4058 iure
214 4007 357 4056 cessandum
382 4003 457 4054 valde
482 4003 526 4053 titi
551 4003 712 4053 commendo:
753 4005 894 4070 scripulum
914 4019 965 4054 esse
982 4004 1066 4053 adirem
1082 4004 1111 4053 in
1128 4004 1179 4055 tua
1197 4006 1282 4057 imula

133 4116 162 4124 -
189 4090 278 4139 melius
303 4088 371 4138 euim
396 4087 418 4137 ei
442 4103 531 4137 cavere
557 4088 610 4136 colo
635 4103 713 4151 quom
753 4089 890 4154 querellam
899 4103 969 4152 opem
975 4088 1153 4152 praedoceri-ri
1160 4089 1292 4141 amanei

130 4174 182 4237 ipae
199 4173 258 4223 alite
274 4173 342 4222 solet.
370 4194 399 4203 -
418 4170 448 4218 ao
465 4167 608 4231 maderiis}
626 4184 647 4219 s.
665 4167 713 4220 ce·
754 4169 885 4236 Dagegen
902 4172 967 4236 segt
983 4168 1096 4222 Tacitus
1113 4169 1154 4223 im
1171 4170 1298 4241 Agricola

130 4269 175 4305 sar
192 4252 218 4304 b.
237 4252 305 4307 Gall.
324 4253 369 4319 IV,
386 4253 433 4305 33:
460 4250 504 4303 die
531 4256 604 4303 erote
624 4250 713 4304 Nach·
756 4253 1281 4321 12:FertBritaenioearumetar-9mtu

130 4336 203 4391 richt
220 4337 310 4390 davon
329 4337 407 4390 hatte
425 4335 497 4389 wohl
514 4334 544 4386 iu
562 4333 631 4388 Rom
648 4333 713 4387 Sen—
754 4338 810 4387 alia
819 4337 939 4387 maella:
950 4335 1079 4389 dasselbe
1090 4334 1296 4393 berichtetStra

133 4425 222 4479 sation
241 4427 344 4492 erregt.
378 4422 463 4474 Ciisur
479 4419 560 4472 hatte
577 4418 662 4473 selbst
680 4434 716 4470 an
757 4418 987 4472 wahrscheinlich
1004 4418 1110 4489 infulge
1127 4422 1258 4489 spdterer
1283 4451 1290 4466 ι

124 4506 220 4561 Cicero
238 4506 308 4561 dher
324 4505 401 4561 seire
422 4502 654 4571 Unternehmung
672 4518 717 4571 ge·
758 4500 930 4569 deckungen.
958 4530 993 4539 -
1017 4500 1120 4570 copiae]
1149 4522 1183 4559 zu
1200 4504 1295 4561 erbeut
