2602 4890
175 161 213 224 72
661 162 706 216 ae
720 164 871 230 aee.1,.1c.
1279 167 1291 237 [,

173 332 232 396 Rei
253 331 400 414 publicae
421 336 546 395 statum
563 329 663 405 illum,
686 350 780 412 quem
799 336 837 395 tu
854 352 924 396 meo
940 332 1083 412 consilio,
1103 355 1163 416 ego
1181 334 1288 399 divino

172 432 342 497 finnatum.
358 432 525 514 putabam,
548 431 604 514 qui
626 430 786 496 bonorum
809 432 952 497 omnium
970 435 1195 499 coniunctione
1218 441 1252 499 et
1273 455 1291 499 a

172 533 271 597 ritate
292 531 479 597 consulatus
502 530 564 594 mei
594 531 677 594 fixus
708 536 741 595 et
763 531 920 597 fundatus
942 533 1121 612 videbatur,
1144 534 1207 598 nisi
1230 535 1291 617 quir

173 632 251 696 deus
272 632 452 716 respexerit,
473 631 619 713 elapsum
641 631 721 696 scito
752 652 820 697 esse
841 633 880 696 de
902 633 1051 698 manibus
1073 655 1138 699 uno
1173 634 1236 699 hoo
1257 636 1290 698 iu

173 733 200 796 si
221 732 373 796 indicium
404 736 461 809 est,
493 730 628 813 triginta
657 732 802 797 homines
833 733 946 816 populi
967 733 1106 800 Romani
1133 734 1291 801 levissimo

173 832 384 915 nequissimos
407 831 580 896 nummulis
611 832 750 914 acceptis
779 833 830 897 ius
853 853 890 897 ac
911 832 961 898 fas
984 855 1078 900 omne
1101 835 1208 901 delere
1231 844 1273 915 et,

174 953 282 998 omnes
303 953 365 997 non
390 933 484 996 modo
507 932 661 1011 homines,
680 954 790 997 verum
812 933 911 998 etiam
928 934 1066 1018 pecudes
1088 937 1213 1001 factum
1236 958 1291 1001 essi

174 1039 240 1111 ant,
263 1033 296 1096 id
318 1032 476 1098 Thalnam
499 1044 531 1097 et
553 1032 706 1097 Plautum
728 1038 760 1097 et
781 1033 958 1116 Spongiam
980 1042 1013 1100 et
1034 1043 1156 1102 ceteras
1179 1038 1278 1102 huius

131 1143 147 1194 7
174 1133 364 1216 quisquilias
394 1139 537 1198 statuere
558 1154 735 1215 numquam
757 1155 823 1199 esse
844 1135 975 1200 fantum.
1005 1135 1068 1201 Sed
1087 1143 1195 1202 tamen
1209 1147 1272 1216 ,ut

174 1233 361 1317 republica
383 1233 534 1309 consoler,
563 1254 628 1297 non
650 1233 708 1312 ita,
739 1241 775 1297 ut
807 1243 980 1317 sperarunt
1000 1236 1087 1314 mali,
1114 1243 1209 1303 tanto
1231 1239 1291 1323 imp

174 1333 220 1397 rei
242 1334 390 1416 publicae
414 1334 545 1397 vnlnere
563 1334 678 1398 alacris
700 1334 841 1398 exsultat
862 1335 1055 1417 improbitas
1075 1339 1108 1401 in
1130 1340 1285 1419 victoria3

173 1436 269 1518 plane
290 1437 339 1501 ita
360 1444 565 1518 putaverunt,
587 1457 659 1500 cnm
677 1437 800 1517 religio,
819 1456 890 1499 oum
908 1438 1073 1521 pudicitia,
1097 1459 1169 1503 cum
1190 1440 1289 1504 iudici

174 1536 263 1616 fides,
286 1557 359 1600 oum
381 1545 513 1601 senatus
541 1536 719 1602 auctoritas
741 1537 939 1616 concidisset,
970 1540 1038 1604 iore
1067 1544 1106 1602 ut
1135 1544 1291 1621 apertori

173 1638 319 1721 nequitia
342 1659 379 1702 ae
399 1637 500 1703 libido
524 1659 642 1719 poenas
663 1638 705 1703 ab
727 1640 849 1720 optimo
879 1659 1010 1721 quoque
1031 1646 1153 1722 peteret
1177 1641 1231 1704 sui
1253 1642 1291 1706 do

175 1758 269 1821 quem
300 1738 536 1821 improbissimo
568 1740 682 1821 cuique
711 1740 872 1804 inusserat
910 1741 1062 1805 severitas
1092 1743 1280 1807 consulatus

131 1839 148 1891 8
175 1839 263 1906 idem
285 1861 343 1922 ego
364 1841 417 1905 ille
440 1879 479 1887 -
501 1843 670 1904 nonenim
693 1841 773 1905 mihi
800 1840 911 1905 videor
934 1840 1109 1906 insolenter
1139 1841 1283 1924 gloriari,

173 1940 212 2005 de
233 1962 284 2005 me
306 1941 392 2024 apud
410 1950 442 2005 te
459 1942 586 2024 loquor,
608 1942 642 2004 in
659 1961 698 2005 ea
715 1943 905 2024 pracsertim
927 1942 1074 2025 epistula,
1097 1963 1195 2024 quam
1213 1944 1289 2010 nolo

171 2041 236 2124 legi
256 2078 298 2089 —
318 2042 411 2120 idem,
442 2043 585 2125 inquam,
616 2062 675 2122 ego
706 2043 847 2106 recreari
876 2040 1023 2108 adflictos
1054 2044 1178 2108 animos
1212 2046 1291 2109 benc

172 2311 294 2379 stellnng
311 2311 341 2362 in
358 2310 417 2363 Cat.
431 2310 480 2375 111,
500 2313 531 2363 18
548 2310 590 2378 ff.;
605 2310 753 2366 besonders
796 2308 1142 2378 Hoffnung’30p.113,4=
1168 2313 1198 2363 iu
1223 2315 1291 2364 uuiu

170 2396 210 2447 32.
229 2423 261 2431 -
273 2398 347 2461 ficus
364 2392 538 2460 etfundatue]
563 2394 632 2447 iiber
646 2395 690 2448 die
709 2396 754 2448 Al·
795 2395 918 2446 lienculae
948 2395 1068 2445 animula
1093 2393 1151 2447 ‘das
1183 2399 1260 2448 zurte
1285 2395 1291 2448 1

172 2478 329 2531 litteratiori
358 2497 390 2530 zu
417 2496 460 2546 ep.
478 2480 507 2540 6,
534 2482 557 2532 7.
587 2477 753 2532 Demselben
795 2475 993 2529 diesesarmen
1011 2475 1185 2542 Mlidchens’3
1201 2495 1245 2544 ep.
1264 2480 1291 2530 33

170 2561 363 2615 rhetorischen
374 2561 473 2615 Zweck
483 2560 562 2613 dient
573 2561 694 2616 naohher
704 2564 753 2616 das
795 2564 857 2613 cula
868 2563 961 2628 infima
979 2601 985 2613 .
996 2600 1019 2614 ..
1036 2563 1188 2614 molliorem:
1212 2562 1268 2628 vgl.
1280 2561 1291 2613 l

171 2644 400 2699 Homo'otelenton
418 2647 552 2697 levissimos
634 2650 754 2714 aequasi-
795 2646 896 2697 demuto
921 2647 1056 2696 auriculae
1085 2655 1114 2696 ut
1147 2647 1256 2713 iniquae
1287 2664 1291 2695 r

170 2747 229 2781 moe.
248 2757 280 2765 -
297 2727 449 2796 nummulis]
477 2728 640 2794 „schniides“
669 2730 754 2798 Geld3
796 2730 889 2780 asellus
918 2728 977 2781 und
996 2729 1045 2781 das
1067 2727 1254 2782 franziisische
1282 2746 1291 2779 r

172 2812 217 2865 die
248 2812 440 2865 deminutiven
467 2811 648 2865 Substantive
674 2814 754 2878 (tiber
796 2811 847 2864 wie
873 2811 917 2865 die
942 2811 1138 2865 romanisohen
1166 2809 1289 2879 Spreche

171 2896 215 2949 die
233 2896 386 2964 Adjektive
413 2914 446 2949 zu
464 2895 480 2963 ἓ
500 2896 560 2964 10),
581 2897 683 2950 welche
710 2898 754 2951 die
796 2895 968 2949 deminutive
987 2894 1150 2963 Bedeutnng
1176 2895 1218 2948 oft
1245 2911 1291 2962 gar

172 2979 270 3032 Volks-
287 2981 345 3033 und
358 2979 621 3048 Umgangssprache
640 2981 691 3033 wie
709 2980 753 3035 bei
795 2977 924 3046 gestreift
941 2977 1041 3042 haben,
1068 2977 1106 3030 ist
1132 2994 1169 3029 an
1196 2978 1291 3031 auderi

171 3082 222 3117 uns
241 3064 269 3116 in
288 3064 396 3118 reicher
408 3065 509 3130 Menge
525 3063 581 3116 und
599 3063 652 3114 mit
667 3063 754 3118 feiuer
796 3060 901 3128 spielen
919 3060 1005 3114 leioht
1022 3078 1055 3113 zu
1073 3060 1177 3129 reigen.
1193 3089 1228 3098 -
1245 3080 1291 3113 aon

170 3146 368 3214 Nliancierung
396 3147 443 3199 des
470 3147 630 3200 Ausdruclrs
659 3147 753 3214 bildet,
794 3146 1017 3210 heumaucorum
1034 3145 1112 3197 etiam
1120 3142 1240 3212 poema]
1255 3145 1291 3197 de:

172 3231 263 3284 haben
276 3229 531 3283 niehtimmerblos
542 3230 753 3285 verkleinerndo
795 3226 1036 3295 spriohweruiche
1055 3228 1201 3280 Ausdruck
1219 3228 1248 3279 in
1267 3227 1291 3280 Cr

172 3314 346 3381 Bedeutung,
358 3312 484 3366 ‘sondern
498 3318 590 3367 treton
661 3315 753 3370 audie
794 3313 886 3364 211·-
908 3313 1039 3363 Thalnam
1057 3350 1063 3364 .
1082 3350 1088 3363 .
1107 3309 1134 3378 .]
1154 3311 1244 3365 lenter
1261 3315 1291 3364 ol

172 3396 256 3452 Stelle
283 3396 331 3449 der
358 3394 578 3463 Stemmwiirter,
606 3415 686 3452 wenn
703 3398 753 3451 der
795 3395 851 3447 und
869 3393 934 3447 libel
952 3394 1129 3463 bertchtigte
1143 3395 1240 3462 Lente,
1259 3395 1291 3446 wi

172 3480 348 3549 Spreohende
391 3479 444 3532 den
481 3480 627 3534 Ausdruck
662 3482 752 3535 seines
794 3478 863 3531 Sest.
881 3478 924 3530 94:
952 3480 1038 3530 omitto
1063 3480 1118 3530 iam
1136 3480 1291 3531 Nunmrium

172 3564 280 3618 Affekts
307 3562 484 3631 hineiulegen
509 3564 575 3630 will,
602 3564 641 3618 sei
658 3582 686 3618 os
705 3565 755 3618 der
796 3581 905 3626 renum,
931 3565 1048 3628 Aelium,
1073 3564 1224 3630 quisquiliae
1249 3565 1291 3616 sed

172 3649 338 3716 Zuneigung
364 3647 422 3700 und
440 3646 489 3700 der
506 3644 668 3714 Sympathie
686 3648 753 3702 oder
799 3647 948 3699 Clodianae.

171 3733 218 3787 des
237 3731 403 3795 Bedauerns,
429 3731 469 3781 sei
495 3746 532 3796 es,
558 3748 613 3784 was
632 3733 754 3785 seltener
828 3733 852 3783 7.
871 3729 922 3781 Sed
939 3728 1034 3795 tamen]
1053 3728 1102 3782 der
1113 3728 1235 3782 Unwille
1251 3729 1291 3781 ha

171 3814 289 3869 derFall
307 3814 351 3880 ist,
362 3815 411 3867 ‹ler
422 3813 607 3885 Abneigung'.
626 3814 754 3869 Wiilfflin
795 3812 863 3865 Luft
878 3813 1022 3880 gemacht:
1041 3830 1099 3865 nun
1109 3813 1190 3866 weiss
1201 3813 1252 3865 der
1264 3811 1291 3865 Se

171 3900 270 3953 Philol.
288 3900 329 3965 34,
349 3900 396 3951 153
414 3897 441 3950 ff.
478 3898 591 3953 Stinner
604 3899 638 3953 de
656 3916 687 3953 eo
698 3917 753 3967 quo
795 3896 876 3949 niker
893 3895 983 3964 gleich
993 3896 1095 3949 wieder
1112 3901 1199 3950 etwas
1209 3895 1291 3948 Triist

171 3983 225 4037 Cio.
243 3989 295 4035 etc.
314 3999 340 4047 p.
355 3983 371 4034 9
388 3981 416 4034 ff.
440 3982 509 4051 N'ag.
528 3983 567 4035 St.
586 3985 627 4037 46.
653 3983 752 4050 ΡΑ.Π,
795 3999 829 4033 zu
847 3980 1001 4034 beriohten.
1013 3977 1288 4048 —ncm]Begriindn

172 4071 229 4132 142,
247 4069 271 4119 2.
285 4065 377 4133 Atel,
391 4068 430 4132 19,
447 4068 479 4120 9:
497 4070 691 4119 nummulorum
705 4069 753 4120 ali·
794 4074 942 4131 sperarunt.

170 4154 233 4221 quial
263 4152 415 4216 conpresserat
445 4150 499 4203 ‘ein
525 4167 595 4216 paar
620 4150 754 4219 Pfennige
828 4149 852 4200 8.
871 4149 945 4200 Idem
970 4166 1013 4216 eqo
1029 4145 1084 4214 ille]
1111 4146 1147 4199 da
1173 4145 1223 4199 bin
1249 4145 1291 4198 ‘ic

171 4236 264 4289 deines
278 4233 367 4287 lieben
376 4233 496 4297 Geldes⁷3
514 4249 557 4300 ep.
568 4235 606 4298 12,
620 4237 646 4287 l:
663 4238 754 4287 vocula
795 4229 915 4285 ‘wieder'
945 4247 1078 4300 genesen.
1118 4229 1175 4283 Der
1210 4230 1291 4285 aweit

169 4318 256 4382 ‘armo
272 4316 415 4382 Stimme',
433 4316 500 4370 eber
517 4334 559 4385 ep.
577 4318 619 4383 79,
636 4319 663 4370 2:
680 4335 754 4371 uoou·
796 4314 896 4369 Hiatus
914 4316 995 4384 reigt,
1014 4312 1241 4369 desedieWorte
1253 4314 1291 4367 lar

170 4406 211 4455 lar
236 4403 419 4455 malevolorum
434 4400 599 4455 ‘hssa'misohes
625 4401 754 4469 Gerede’3
795 4398 853 4452 und
868 4399 1062 4453 ausdriiolslioh
1075 4398 1249 4468 gesprochen
1268 4419 1291 4454 m

169 4504 212 4554 ep.
239 4487 285 4553 79,
311 4488 342 4539 5:
374 4488 479 4554 specula
507 4483 669 4539 ‘Schimmer
699 4502 753 4541 von
796 4485 848 4539 ken
868 4484 945 4539 sind:
971 4485 1043 4538 anch
1061 4482 1122 4538 hier
1138 4485 1291 4554 verleugne
