2602 4890
105 192 167 258 352
517 198 520 203 '
596 187 641 257 Ad
658 188 724 244 fam.
741 187 787 256 IV,
804 194 829 245 7.
1174 186 1217 260 [Rp

106 367 202 424 tuum
225 355 392 422 consilium
410 355 483 434 luit,
505 354 563 439 qui
580 355 642 420 hoc
658 354 798 421 fumasse
814 354 946 420 humilis
963 355 1063 421 animi
1080 354 1211 435 duceres,

107 457 291 544 pertiuacis.

192 559 309 624 Fateor
331 577 351 621 a
371 554 533 640 plerisque
554 555 605 620 rel
626 555 731 620 dicam
753 555 795 621 ab
818 557 968 623 omnibus
988 557 1118 640 sapiens
1134 563 1217 623 tuum

107 661 224 739 silium,
247 680 267 723 a
287 657 400 722 multis
422 657 521 722 etiam
543 657 653 738 magni
675 676 713 721 ac
734 654 829 721 fortis
846 657 944 722 animi
961 657 1152 726 iudicatum.
1179 659 1217 725 Se

107 763 165 828 bet
186 763 250 826 ista
271 760 367 839 ratio,
398 765 435 824 ut
457 759 535 823 mihi
557 756 687 841 quidem
709 757 847 838 videtur,
878 760 1040 843 quendam
1062 760 1200 840 modum,

110 864 219 929 sertim
242 882 315 925 cum
337 860 419 924 nihil
440 860 502 924 tibi
523 859 630 924 deesse
652 859 794 924 arbitrer
815 859 856 924 ad
877 865 952 925 tuas
969 860 1119 926 fortunas
1135 881 1217 927 omne

107 962 257 1031 tinendas
279 967 407 1045 praeter
428 961 639 1026 voluntatem.
677 959 835 1025 Sicorim
855 961 1007 1042 intellexi,
1030 961 1113 1026 nihil
1134 961 1217 1026 aliud

59 1058 62 1063 ’
109 1063 199 1148 quod
229 1061 466 1127 dubitationem
496 1059 639 1125 adferret
669 1062 707 1141 ei,
741 1081 840 1144 penes
870 1082 965 1146 quem
995 1069 1045 1128 est
1075 1067 1217 1146 potestas

109 1164 194 1248 quod
216 1168 390 1240 vereretur,
421 1164 520 1225 netu
542 1159 623 1224 illud
645 1160 836 1226 heneficium
859 1163 990 1228 omnino
1011 1184 1077 1229 non
1099 1170 1217 1249 putare

109 1284 175 1349 quo
198 1262 278 1347 quid
299 1261 446 1340 seutiam,
476 1260 560 1325 nihil
583 1260 702 1325 attinet
723 1260 840 1340 dicere,
869 1282 941 1326 cum
964 1270 1131 1346 appareat,
1154 1267 1217 1347 ipse

65 1380 85 1431 4
110 1365 247 1431 fecerim.
290 1361 353 1428 Sed
383 1367 506 1439 tamen,
537 1360 564 1424 si
594 1362 659 1425 iam
680 1361 729 1426 ita
750 1361 986 1442 constituisses,
1016 1369 1054 1428 ut
1076 1364 1217 1448 abesse]

108 1472 168 1532 tuo
191 1464 303 1529 malles
324 1481 422 1546 quam
446 1482 493 1540 ea,
529 1480 614 1543 quae
635 1461 748 1542 noller,
778 1463 895 1543 videre,
918 1469 1027 1529 tamen
1047 1462 1082 1528 id
1105 1466 1217 1549 cogita

112 1566 219 1643 heres,
250 1564 444 1646 ubicumque
473 1582 571 1641 esses,
602 1568 636 1626 te
666 1563 738 1628 fore
766 1564 801 1628 in
827 1564 896 1629 eius
917 1564 1033 1648 ipsine,
1065 1585 1165 1648 quem
1185 1566 1217 1629 fu

110 1670 289 1749 potestate:
317 1665 422 1748 quisi
444 1663 538 1728 facile
559 1684 714 1746 passurus
737 1670 820 1729 esset
841 1669 874 1731 te
896 1672 1058 1731 carentem
1080 1667 1190 1750 patria
1209 1687 1217 1731 t

110 1767 199 1830 tunis
228 1766 293 1830 tuis
324 1765 433 1848 quiete
453 1769 487 1828 et
508 1763 612 1828 libere
633 1764 750 1844 vivere,
781 1765 991 1848 cogitandum
1012 1765 1074 1831 tibi
1095 1773 1206 1831 tamen

110 1867 275 1931 Romaene
305 1872 338 1929 et
368 1864 457 1928 domi
481 1869 569 1942 tuae,
603 1865 795 1930 cuicuimodi
817 1885 869 1930 res
891 1874 983 1946 esset,
1013 1888 1055 1931 an
1078 1866 1217 1952 Mytilen:

110 1966 219 2032 Rhodi
240 1965 353 2030 malles
374 1966 501 2043 vivere;
523 1965 577 2030 sed
595 1986 668 2030 aum
685 1967 733 2031 ita
750 1967 816 2032 late
833 1967 1031 2050 pateateius
1048 1974 1204 2050 potestas,

111 2089 268 2147 veremur,
289 2073 328 2131 ut
347 2071 509 2130 terrarum
528 2066 640 2131 orbem
657 2066 824 2150 complexa
841 2069 893 2149 sit,
911 2088 1017 2134 nonne
1034 2070 1137 2134 mavis
1154 2071 1217 2134 sine

112 2170 185 2235 culo
202 2176 280 2235 tuae
299 2167 386 2231 domi
403 2187 471 2231 esse
489 2187 587 2249 quam
605 2187 677 2232 oum
694 2168 838 2251 periculo
857 2169 1000 2234 alienae?
1033 2169 1205 2253 Equidem,

111 2270 139 2334 si
161 2268 344 2352 oppetenda
364 2289 452 2333 mors
474 2274 567 2349 esset,
603 2269 691 2334 domi
712 2275 811 2353 atque
832 2270 866 2333 in
887 2271 997 2355 patria
1018 2271 1149 2336 mallem
1170 2292 1217 2355 qu:

111 2369 250 2434 externis
268 2373 368 2452 atque
385 2369 499 2433 alienis
516 2368 612 2449 locis3
636 2369 696 2435 hoo
712 2369 797 2435 idem
816 2390 935 2450 omnes,
958 2371 1015 2455 qui
1033 2377 1066 2436 te
1085 2372 1217 2455 diligunt

111 2473 209 2552 tium,
240 2490 379 2554 quorum
402 2475 451 2534 est
473 2490 593 2553 magna
615 2492 674 2554 pro
696 2473 762 2536 tuis
783 2472 932 2537 maximis
954 2473 1201 2558 clarissimisque

69 2585 86 2637 5
112 2572 201 2637 tibus
232 2570 417 2635 multitudo.
460 2569 626 2635 Habemus
659 2573 756 2636 etiam
787 2573 948 2637 rationem
975 2573 1023 2637 rei
1046 2573 1213 2640 familiaris

112 2693 210 2756 quam
241 2671 392 2754 dissipari
417 2670 586 2750 nolumus3
617 2693 692 2736 nam
715 2673 776 2737 etsi
797 2672 921 2738 nullam
944 2679 1052 2755 potest
1075 2674 1216 2758 accipere

109 2774 201 2852 riam,
224 2793 309 2856 quae
330 2772 445 2837 futura
466 2778 624 2856 perpetua
645 2773 698 2853 sit,
721 2779 894 2857 propterea
913 2772 1001 2857 quod
1018 2794 1123 2856 neque
1140 2775 1176 2853 is,
1198 2795 1216 2856 q

109 3145 178 3196 weg.
195 3156 227 3166 ·-
245 3127 301 3197 hoc]
320 3127 369 3180 das
386 3127 511 3192 letztere,
525 3126 589 3179 dem
599 3123 695 3194 Sieger
732 3144 853 3193 pappam
871 3124 967 3178 Caesar
984 3133 1006 3177 et
1029 3123 1217 3177 amonica·

109 3210 169 3264 sich
186 3215 381 3266 anvertrauen.
408 3239 441 3248 -
458 3213 496 3264 acl
514 3208 609 3277 dicam]
627 3209 694 3262 oder
736 3219 817 3262 caat.
852 3206 1005 3261 Manutius.

109 3294 252 3347 vielmehr.
269 3324 302 3331 —
319 3296 409 3362 mapai
426 3335 432 3348 .
451 3334 457 3347 .
477 3334 483 3347 .
501 3290 594 3360 animi]
613 3291 694 3345 hoch·
768 3295 794 3346 4.
820 3293 974 3346 cuicuimodi
1000 3308 1042 3343 rea
1072 3288 1144 3358 esset]
1172 3291 1217 3341 cuit

109 3377 205 3445 herzig
231 3378 289 3430 und
307 3377 405 3446 mutig.
432 3407 463 3415 -
489 3374 646 3446 beneficiam]
665 3391 693 3428 es
735 3374 941 3444 (quoiqaoimodi)
964 3395 997 3418 =
1032 3376 1217 3427 caiaaaaiarmo

110 3459 270 3529 iiberhaupt
295 3462 374 3515 nicht
400 3462 445 3516 fiir
462 3462 694 3516 wiinschanswert
736 3457 789 3513 den
807 3457 868 3512 Hss.
886 3458 928 3512 oft
944 3459 1059 3510 cuimodi
1077 3459 1139 3511 Art.
1156 3456 1216 3522 XII,

110 3543 214 3609 hulten,
231 3544 283 3598 wie
302 3545 370 3598 Phil.
389 3546 424 3611 II,
440 3549 472 3599 2:
489 3549 534 3600 icoc
544 3548 647 3616 quidem
657 3553 694 3597 est
735 3542 769 3595 de
786 3541 960 3607 fin.111‚30):
979 3543 1040 3595 Art.
1058 3542 1110 3610 III,
1127 3544 1168 3609 22,
1184 3542 1214 3594 4:

109 3628 264 3694 decapitiata,
283 3628 339 3681 ‘des
358 3630 431 3682 wire
448 3629 503 3682 mir
517 3629 548 3697 ja
566 3630 629 3683 sehr
647 3645 694 3681 an·
735 3644 773 3679 me
781 3629 856 3679 aelim
864 3628 959 3691 amaia,
969 3628 1123 3680 cuicuimodi
1131 3636 1217 3693 canat

109 3710 246 3779 genehm’.
276 3713 399 3766 Lateater
423 3715 556 3781 tipaiflcat,
581 3714 693 3766 siMaa
734 3709 797 3776 XII,
815 3713 855 3778 18,
874 3712 904 3762 l:
929 3711 996 3778 quod
1012 3712 1088 3763 celim
1114 3713 1178 3763 miti
1202 3711 1217 3776 ip

110 3796 195 3860 celiae,
213 3804 242 3846 ct
258 3798 339 3862 malti,
365 3799 468 3850 aenam
491 3817 508 3849 a
530 3798 693 3850 Caesareae
735 3794 887 3847 cuicuimodi
912 3803 964 3856 eat5
990 3793 1081 3848 Plaut.
1108 3793 1206 3849 Bacch.

111 3879 140 3928 lit
154 3881 319 3944 pataracina
330 3881 457 3946 fortunar
468 3900 553 3934 amaea
564 3884 627 3950 fore
643 3883 694 3933 cal·
737 3880 884 3931 16:400:
902 3877 978 3931 sisae
994 3896 1083 3945 accae,
1100 3888 1129 3930 at
1147 3896 1217 3930 esset

111 3983 163 4016 aar.
201 3965 274 4029 Qrcad
291 3974 321 4016 at
332 3965 428 4031 faciat,
454 3974 540 4031 aperte
566 3984 618 4018 aaa
635 3967 692 4018 har·
733 3962 1119 4029 maluaboaaaquoiquaiaaodi.
1143 3958 1217 4029 vgl.]

112 4058 190 4112 tatur,
222 4066 254 4100 ae
271 4049 360 4115 mapai
372 4048 455 4099 animi
471 4049 555 4099 ciram
572 4050 693 4115 offendat,
736 4045 835 4114 opusc.
853 4044 964 4113 11‚727;
982 4043 1129 4113 Landgraf
1136 4042 1214 4098 Rosa.

112 4133 260 4184 hortationis
286 4141 370 4184 autem
396 4133 449 4183 loca
470 4135 614 4197 prudenter
638 4135 694 4184 att-
736 4129 862 4184 Schmalz
880 4126 1109 4191 Antib.11‚344.
1130 4155 1165 4166 -
1191 4145 1217 4180 ao

111 4217 194 4283 iaapit
212 4217 295 4267 iilud:
323 4215 362 4268 ‘de
378 4234 427 4283 atto
444 4215 506 4283 qaid
522 4218 640 4283 amdam,
657 4217 696 4267 ai·
737 4213 780 4280 ait]
808 4212 925 4267 umfasat
943 4210 993 4265 hat
1020 4211 1079 4265 und
1106 4210 1178 4265 noch
1195 4225 1217 4263 ut

111 4303 148 4353 til
166 4303 254 4352 attirm
271 4301 371 4353 dicerer
397 4318 455 4354 cam
481 4309 622 4368 appareat,
639 4300 695 4365 ipae
769 4298 793 4350 ὅ.
810 4293 946 4365 perpetua]
965 4295 1217 4365 bleibend,dauert

111 4385 175 4451 qaid
185 4385 313 4451 fecerim’.
348 4386 408 4438 Post
425 4384 609 4438 Pharsalicam
627 4385 695 4437 caim
736 4380 921 4449 Pompejaner
938 4381 1040 4435 hatten
1057 4377 1182 4434 ndmlich
1192 4376 1217 4430 di
