2602 4890
113 182 175 245 350
542 181 587 235 Ad
603 181 670 235 lam.
689 179 734 247 Vl,
751 181 791 233 13.
808 176 854 246 IV,
870 182 895 233 7.
1139 176 1215 249 [Epi

112 347 283 412 Africanae
300 366 414 412 causae
430 347 547 413 iratior
566 347 691 413 diutius
707 346 787 412 velle
806 346 932 410 ridetur
948 366 1002 412 eos
1019 346 1140 412 habere
1155 346 1215 413 solli

114 467 135 512 a
156 446 275 530 quibus
296 466 329 511 se
350 451 447 529 putat
469 447 729 513 diuturnioribus
750 467 820 512 esse
840 446 995 512 molestiis
1013 444 1215 512 conflictatur

114 548 177 612 hoc
198 548 302 630 ipsum
325 546 541 630 intellegimus
563 568 636 612 eum
658 547 777 612 cotidie
797 547 962 611 remissius
983 552 1018 611 et
1039 546 1215 630 placatiusl

115 669 181 732 qua
201 669 237 713 re
259 647 339 712 mihi
360 647 454 712 crede
475 685 517 696 —
538 652 571 713 et
592 648 765 713 memoriae
787 646 906 712 manda
927 666 978 712 me
1000 646 1062 711 tibi
1084 646 1119 711 id
1136 648 1215 714 adfir:

116 787 156 799 -
180 757 211 814 te
232 749 266 813 in
287 749 359 814 istis
380 748 537 816 molestiis
558 749 682 814 diutius
699 769 765 816 non
785 749 942 814 futurum

67 853 90 906 4
200 849 366 931 Quoniam,
398 850 477 933 quid
499 853 659 931 sentirem,
682 849 826 932 exposui,
857 848 935 933 quid
956 848 1050 915 velim
1072 853 1133 914 tua
1153 869 1215 915 caui

114 952 223 1034 potius
245 951 417 1016 declarabo
434 972 532 1035 quam
551 951 708 1018 oratione.
738 951 792 1030 Et,
815 953 990 1015 sitantum
1008 970 1145 1034 possem,
1164 970 1215 1034 qur

114 1047 149 1116 in
173 1071 211 1116 ea
232 1071 268 1116 re
289 1051 431 1134 publica,
453 1051 493 1115 de
515 1072 580 1135 qua
601 1053 650 1117 ita
669 1071 739 1116 sum
758 1050 900 1128 meritus,
923 1054 961 1114 ut
978 1055 1016 1114 tu
1033 1050 1207 1130 existimas,

115 1152 285 1231 debebam,
317 1173 357 1216 ne
384 1158 420 1216 tu
442 1152 572 1235 quidem
594 1153 628 1216 in
650 1152 721 1217 istis
742 1149 952 1216 incommodis
973 1169 1076 1229 esses3
1107 1151 1215 1216 eadem

116 1273 214 1318 causa
237 1273 313 1336 opes
330 1274 420 1319 meas
436 1254 544 1336 fregit,
566 1273 650 1337 quae
671 1260 760 1318 tuam
779 1252 919 1317 salutem
935 1251 970 1315 in
987 1251 1159 1317 discrimen
1176 1253 1214 1317 ad

115 1354 171 1419 sed
192 1359 310 1434 tamen,
341 1354 496 1438 quicquid
516 1355 625 1436 imago
646 1353 762 1418 veteris
784 1373 873 1418 meae
896 1351 1074 1435 dignitatis,
1098 1353 1215 1437 quicqu

117 1453 240 1536 liquiae
258 1455 385 1535 gratiae
402 1454 566 1533 valebunt,
585 1452 739 1532 studium,
758 1452 936 1532 consilium,
955 1473 1061 1537 opera,
1081 1453 1215 1539 [gratia]

51 1565 93 1617 »ὅ
119 1575 192 1619 mea
212 1552 305 1619 nullo
326 1553 398 1620 loco
420 1554 521 1619 deerit
542 1555 607 1619 tuis
629 1553 760 1637 optimis
781 1553 948 1618 fratribus.
985 1553 1035 1617 'l'u
1053 1553 1105 1619 fac
1123 1554 1215 1619 haber

118 1659 184 1718 tem
206 1654 358 1733 animum,
380 1676 475 1738 quem
494 1675 618 1737 semper
637 1653 790 1732 habuisti,
808 1653 947 1738 primum
966 1653 1007 1719 ob
1025 1674 1080 1718 eas
1098 1675 1215 1735 causas

119 1754 242 1838 scripsi,
267 1753 382 1820 deinde
404 1753 492 1838 quod
514 1775 552 1819 ea
573 1755 611 1820 de
632 1775 667 1818 re
689 1755 821 1838 publica
841 1774 966 1837 semper
987 1754 1121 1820 voluisti
1139 1760 1215 1838 atqu

118 1854 200 1935 sisti,
230 1860 268 1919 ut
290 1874 355 1919 non
377 1854 473 1919 modo
496 1853 636 1918 secunda
657 1874 788 1937 sperare
811 1853 937 1932 debeas,
959 1853 1014 1919 sed
1036 1855 1146 1935 etiam,
1168 1856 1195 1919 si

119 1954 254 2018 adversa
285 1958 400 2033 essent,
435 1958 546 2018 tamen
576 1954 773 2019 conscientia
802 1960 836 2019 et
865 1955 1026 2020 factorum
1057 1961 1090 2020 et
1121 1954 1215 2020 consil

118 2061 264 2132 tuorum,
298 2074 520 2139 quaecumque
550 2053 747 2135 acciderent,
776 2055 953 2122 fortissimo
984 2060 1017 2120 et
1046 2057 1188 2122 maximo

119 2153 203 2220 ferre
225 2155 367 2221 deberes.

543 2338 576 2407 0.
599 2338 655 2425 (ad
677 2339 753 2405 fam.
777 2338 831 2419 IV,
855 2341 896 2422 l.)

484 2504 540 2561 Ser.
558 2506 663 2560 Rornae
680 2507 714 2560 A.
731 2505 765 2561 U.
783 2507 811 2562 O.
829 2509 880 2562 708
896 2505 961 2575 (46).

392 2655 434 2723 M.
457 2655 614 2722 CICERO
636 2656 666 2722 S.
688 2655 726 2723 D.
748 2655 791 2723 M.
813 2655 1053 2724 MARCELLO.

74 2829 93 2879 -l
205 2824 276 2888 Etsi
298 2843 335 2888 eo
357 2828 390 2888 te
411 2822 519 2888 adhuc
536 2822 669 2889 consilio
687 2843 780 2888 usum
796 2823 962 2907 intellego,
985 2829 1023 2888 ut
1040 2823 1073 2888 id
1092 2823 1215 2907 repreh‹

120 3189 148 3197 -
169 3162 318 3228 Africanae
335 3159 437 3229 causae]
450 3162 559 3229 Partei3
577 3162 633 3231 vgl.
650 3177 701 3228 pro
743 3162 817 3215 w'a're
834 3160 1019 3230 vollstiiudig:
1036 3162 1060 3212 si
1076 3177 1089 3212 a
1096 3178 1139 3226 qo
1157 3169 1215 3211 tour

118 3242 210 3313 Liger.
221 3247 269 3299 at:
288 3247 318 3297 ιἰι
327 3247 505 3299 Macedoniam
524 3247 560 3296 od
572 3245 702 3299 OuPem·
743 3262 811 3305 acm;
828 3244 1028 3313 geradebeirrc
1045 3284 1052 3298 .
1070 3283 1077 3296 .
1095 3283 1102 3297 .
1121 3245 1215 3310 quidem

117 3329 171 3390 pcii
188 3338 274 3378 castro
292 3330 369 3388 canit,
397 3331 424 3379 irr
452 3346 507 3380 eom
532 3331 616 3394 ipsam
642 3344 703 3378 caa-
744 3327 830 3381 bleibt
848 3328 928 3381 nieht
954 3327 1042 3381 seiten
1067 3327 1114 3381 die
1136 3343 1215 3396 genai

118 3427 181 3472 sam,
199 3429 279 3478 aquo
296 3414 476 3464 crebraeque
490 3413 596 3464 iniuria.
613 3409 702 3465 Darin
743 3412 811 3480 long
829 3411 878 3464 der
896 3410 1063 3465 Pronomina
1082 3410 1136 3480 (ep.
1155 3412 1209 3477 103,

119 3493 204 3560 aber,
237 3494 301 3548 dass
335 3493 405 3549 risle
431 3494 613 3563 Pompejaner
647 3493 702 3547 den
742 3512 789 3548 nor
806 3496 909 3563 quidem
926 3502 1015 3544 costra
1031 3494 1215 3547 friroeaortrc

118 3577 224 3647 Kampl
235 3580 264 3632 in
275 3577 374 3631 Afrilra
384 3578 555 3646 lortsetzten,
567 3577 701 3631 erblickte
743 3579 809 3647 cos),
827 3575 1116 3645 oderdechgensatz
1125 3578 1163 3631 ist
1171 3578 1215 3633 libr

117 3662 204 3718 Cisar
221 3662 300 3715 mehr
317 3651 533 3732 diehneserung
550 3664 626 3716 eines
640 3677 702 3729 per·
742 3663 851 3717 formell
868 3660 1087 3730 unvollstiindig,
1113 3661 1165 3716 wis
1186 3662 1213 3715 hi

118 3747 262 3800 sdnlichen
279 3744 378 3798 Hessos
404 3761 494 3814 gagen
522 3745 572 3798 ihn
598 3745 639 3798 ala
656 3744 702 3800 ein
743 3746 804 3800 Liv.
821 3747 846 3810 ὅ,
862 3746 904 3810 36,
920 3746 951 3798 3:
970 3753 993 3796 et
1009 3747 1132 3812 quoniam
1145 3746 1215 3812 lepor

118 3830 283 3884 Festhalten
311 3845 348 3881 an
373 3827 450 3880 ihrer
466 3828 651 3883 Parteieache.
671 3857 700 3867 -
742 3831 1215 3899 vomeremque-immorarer

119 3915 212 3965 hodera
225 3909 355 3980 sollicitos]
373 3929 406 3964 zu
422 3914 548 3980 82,1.-
569 3931 585 3963 a
599 3909 701 3980 quibus]
743 3919 801 3980 aior,
829 3931 861 3967 ne
888 3931 915 3965 re
939 3915 1042 3982 quidem
1067 3932 1159 3980 paoem
1193 3932 1215 3964 αι

119 4015 174 4051 von
191 3998 274 4052 deren
293 3995 374 4063 Seite,
391 3996 478 4050 durch
488 3997 574 4051 deren
587 3996 699 4050 Schuld:
742 4019 776 4044 =
791 4000 912 4068 quoniam
937 3998 977 4050 idi
997 4015 1092 4065 pacem
1118 4016 1171 4050 eoo
1197 4015 1215 4048 a

119 4079 189 4149 Nag.
207 4080 268 4134 Stil.
286 4082 343 4143 124,
362 4083 385 4133 1.
403 4111 435 4120 -
452 4078 561 4149 diutius]
579 4081 701 4150 vgllast
742 4086 801 4152 aiat,
828 4100 861 4134 nc
886 4099 912 4133 sc
928 4082 1031 4150 quidem
1044 4101 1073 4150 p.
1092 4099 1215 4150 apamea

117 4163 259 4218 dieselben
277 4163 375 4219 Worts
392 4180 436 4232 ep.
454 4165 496 4232 97,
513 4166 537 4217 4.
776 4167 803 4222 G.
846 4165 913 4219 Man
942 4165 1058 4218 beaohte
1085 4165 1140 4220 den
1175 4165 1214 4219 Ge

151 4250 176 4301 4.
194 4248 258 4314 qaid
274 4250 349 4300 velim
366 4257 414 4299 aaa
431 4245 521 4316 cauca]
538 4265 572 4301 zu
589 4264 634 4316 sp.
659 4250 701 4316 34,
742 4250 879 4304 awiechen
905 4249 1008 4303 diesem
1034 4250 1215 4305 ausfu'hrlichr

116 4332 143 4384 2.
169 4359 203 4370 -
228 4349 260 4383 aa
285 4340 314 4383 ta
338 4332 442 4399 quidem
461 4328 603 4400 ...arrad
629 4331 701 4389 ohne
742 4336 773 4386 in
789 4332 988 4403 gewiihltester
1005 4331 1130 4399 Sprache
1153 4333 1215 4402 abgr

117 4414 301 4486 Steigerong:
318 4415 398 4470 ‘auch
412 4415 449 4469 du
467 4414 563 4469 nieht’.
596 4414 650 4469 Pa
666 4416 702 4484 ΙΙ,
743 4416 836 4471 Briele
862 4416 920 4470 und
947 4416 1012 4470 dem
1038 4415 1126 4471 Billet
1149 4434 1193 4487 ep.

115 4500 174 4554 182.
209 4498 434 4572 DerGegensatz
452 4516 486 4554 au
504 4517 536 4553 nc
553 4508 582 4552 tu
598 4501 701 4568 quidem
742 4499 795 4555 wie
821 4499 867 4554 ein
892 4502 981 4554 crater
1014 4498 1151 4557 Entwurf
1181 4516 1215 4556 err
