2602 4890
55 228 63 241 .
84 186 141 256 dd]
430 189 475 243 Ad
492 191 558 244 fam.
576 190 625 258 ΙΙΙ,
642 193 666 245 2.
684 192 708 247 3.
1105 196 1166 260 213

55 353 131 418 iltis
163 359 196 419 et
226 354 322 419 variis
352 355 509 421 molestiis
537 357 858 441 cogitationibusque
887 359 966 424 meis
996 358 1074 425 baec
1102 380 1167 426 una

55 453 134 518 atio
158 455 357 536 occurrebat,
386 455 473 540 quod
495 475 598 542 neque
624 456 685 523 tibi
706 458 850 538 amicior,
882 478 982 542 quam
1003 480 1063 543 ego
1085 481 1166 541 sum,

55 575 128 618 uam
158 561 266 639 posset
295 557 464 623 succedere
494 578 598 641 neque
630 578 689 641 ego
712 557 755 624 ab
776 558 844 624 ullo
866 558 1064 641 provinciam
1086 561 1166 625 acci·

70 654 129 738 qui
156 654 268 720 mallet
295 676 366 721 eam
395 676 494 740 quam
515 657 655 723 maxime
676 657 755 723 mihi
777 663 888 741 aptam
910 657 1167 742 explicatamque

55 777 92 820 re.
121 756 215 833 Quod
232 757 260 822 si
277 762 314 821 tu
332 777 461 841 quoque
478 757 610 823 eandem
629 758 668 823 de
682 779 755 825 mea
768 759 935 825 voluntate
948 778 1026 841 erga
1035 762 1069 824 te
1078 778 1166 842 spem

77 895 118 903 —
140 878 179 922 ea
199 863 232 922 te
253 857 398 940 profecto
419 876 597 939 numquam
619 857 713 923 fallet
733 895 784 938 —,
807 880 828 925 a
849 865 882 925 te
900 860 1041 924 maximo
1071 879 1167 942 opere

55 962 164 1023 nostra
198 979 323 1023 summa
357 957 583 1023 coniunctione
617 963 739 1041 tuaque
774 958 930 1043 singulari
965 958 1167 1025 humanitate

75 1064 175 1141 atque
198 1058 296 1124 etiam
317 1078 439 1142 quaeso
461 1063 494 1124 et
510 1064 596 1142 peto,
619 1063 667 1139 ut,
689 1059 947 1142 quibuscumque
963 1059 1059 1124 rebus
1075 1064 1167 1142 pote·

55 1195 62 1204 -
83 1160 204 1240 poteris
227 1165 337 1223 autem
357 1158 504 1242 plurimis
525 1197 581 1239 -,
603 1160 782 1243 prospicias
803 1166 837 1226 et
863 1160 1011 1225 consulas
1028 1159 1164 1225 rationi·

55 1258 123 1323 reis.
166 1258 261 1324 Vides
282 1279 322 1324 ex
342 1263 473 1325 senatus
495 1259 644 1326 consulto
666 1260 865 1343 provinciam
882 1281 948 1327 esse
965 1259 1164 1327 habendam:
1191 1274 1208 1326 2

55 1380 83 1439 n,
107 1359 193 1442 quod
209 1358 278 1425 eius
295 1359 401 1426 facere
417 1361 573 1443 potueris,
595 1382 696 1445 quam
713 1361 984 1444 expeditissimam
1001 1359 1081 1425 mihi
1097 1367 1165 1425 tra·

55 1481 83 1538 s,
116 1459 240 1525 facilior
262 1459 325 1524 erit
346 1459 425 1525 mihi
447 1462 541 1544 quasi
562 1460 715 1527 decursus
736 1461 800 1527 mei
822 1460 985 1545 temporis.
1028 1460 1112 1538 Quid
1133 1462 1166 1525 in

55 1579 138 1624 mere
167 1559 294 1625 efficere
311 1559 426 1643 possis,
456 1563 505 1627 tui
526 1561 650 1628 consilii
671 1569 740 1627 est:
771 1582 830 1645 ego
853 1567 893 1643 te,
924 1560 1012 1645 quod
1032 1560 1093 1627 tibi
1114 1581 1166 1626 ve·

55 1682 76 1724 n
99 1667 238 1726 mentem
261 1682 331 1727 mea
352 1662 513 1741 interesse,
535 1662 629 1729 valde
650 1684 739 1747 rogo.

55 1761 190 1826 >iuribus
212 1761 318 1826 verbis
341 1761 384 1828 ad
406 1769 439 1828 te
456 1763 640 1843 scriberem,
662 1765 690 1829 si
706 1770 765 1830 aut
782 1769 842 1830 tua
859 1761 1045 1827 humanitas
1063 1761 1165 1844 longi-

64 1863 244 1928 orationem
267 1870 469 1947 exspectaret
491 1871 549 1931 aut
570 1865 602 1930 id
619 1864 690 1931 fieri
706 1872 821 1932 nostra
839 1862 982 1929 amicitia
999 1866 1166 1945 pateretur
1213 1866 1217 1873 '

55 1984 92 2027 es
123 1962 223 2028 verba
252 1963 450 2032 desideraret
480 1986 520 2031 ac
547 1985 614 2032 non
640 1985 700 2049 pro
722 1986 756 2032 se
778 1965 849 2050 ipsa
869 1964 1073 2046 loqueretur:
1104 1960 1166 2027 hoc

71 2062 133 2127 tibi
154 2064 362 2145 persuadeas,
389 2067 416 2130 si
437 2066 621 2133 rationibus
643 2067 723 2132 meis
744 2065 910 2149 provisum
932 2082 953 2127 a
973 2066 1006 2127 te
1028 2080 1095 2127 esse
1117 2062 1165 2127 in-

55 2183 117 2240 ero,
136 2183 288 2246 magnam
301 2171 335 2230 te
348 2185 388 2230 ex
401 2186 437 2231 eo
452 2173 486 2232 et
498 2172 688 2251 perpetuam
698 2166 896 2250 voluptatem
907 2183 974 2229 esse
984 2171 1166 2244 capturum.

350 2347 447 2414 XLV.
470 2349 526 2434 (ad
547 2348 622 2416 iam.
644 2347 700 2428 Ill,
721 2351 763 2435 3.)

178 2515 235 2571 Ser.
253 2515 394 2571 Brundisii
412 2521 532 2573 exeunte
549 2535 644 2573 mense
660 2521 694 2573 A.
711 2518 744 2574 U.
762 2519 790 2574 C.
808 2522 856 2576 701
876 2519 938 2588 (51).

236 2666 283 2730 M.
307 2665 461 2732 CICERO
483 2666 513 2734 S.
535 2667 574 2736 D.
595 2666 658 2734 ΑΡ.
681 2667 892 2735 PULCHRO.

55 2864 74 2897 r.
106 2831 135 2896 d.
158 2859 192 2898 xr
214 2831 376 2898 Kalendas
399 2832 508 2900 Iunias
529 2833 738 2899 Brundisium
761 2855 833 2900 cum
856 2834 1021 2914 venissem,
1044 2834 1079 2912 Q.
1101 2834 1162 2899 Fa·
1191 2852 1204 2903 1

55 2932 267 3014 Vergilianus,
297 2933 424 3016 legatus
453 2939 549 3015 tuus,
579 2936 657 3000 mihi
688 2941 817 3021 praesto
846 2934 909 2999 fuit
931 2955 1032 3018 eaque
1053 2956 1103 3000 me
1126 2955 1165 3000 ex

55 3032 203 3099 nandatis
225 3034 360 3112 monuit,
382 3056 466 3119 quae
488 3057 553 3102 non
576 3035 664 3116 mihi,
687 3034 730 3101 ad
752 3057 846 3120 quem
867 3035 1086 3120 pertinebant,
1107 3036 1165 3101 sed

55 3155 104 3199 rso
135 3135 263 3200 senatui
294 3141 449 3202 venerant
478 3136 512 3201 in
542 3144 690 3216 mentem,
724 3136 887 3220 praesidio
917 3136 1058 3204 firmiore
1083 3157 1164 3220 opus
1270 3184 1273 3191 -

55 3233 85 3299 td
108 3235 203 3300 istam
225 3236 439 3319 provinciam3
464 3238 636 3304 censebant
658 3238 869 3304 enimomnes
891 3239 967 3319 fere,
989 3239 1078 3304 utin
1097 3239 1163 3305 lta·

55 3335 285 3418 rpplementum
307 3338 386 3403 meis
407 3346 440 3404 et
462 3339 569 3405 Bibuli
590 3339 772 3424 legionibus
793 3340 1003 3408 scriberetur:
1036 3339 1069 3404 id
1091 3361 1162 3405 cum

55 3524 102 3559 osse
124 3505 194 3574 essct]
218 3525 251 3560 zu
273 3524 316 3574 ep.
340 3509 387 3572 12,
416 3510 489 3559 1.-
507 3509 538 3561 dc
580 3509 684 3562 seinem
701 3509 903 3577 PompeJanum
921 3509 1078 3580 abgereist,
1107 3525 1164 3562 war

55 3593 163 3643 >taratara
188 3608 250 3657 erpo
271 3589 302 3656 tc]
321 3591 431 3658 Appius
448 3589 539 3644 fiirch·
581 3608 628 3646 am
646 3596 686 3646 11.
704 3594 734 3647 in
752 3593 904 3660 Benevent,
921 3611 967 3648 am
985 3591 1164 3647 15111211-

55 3690 123 3741 egen
135 3673 227 3726 seiner
242 3673 538 3744 Provinzverwaltung
580 3677 620 3730 sia
638 3677 697 3731 und
714 3678 810 3748 langte
830 3694 874 3730 am
894 3680 934 3732 19.
952 3679 981 3731 in
996 3677 1101 3731 Tarent
1118 3693 1162 3741 an,

55 3757 163 3826 sklage:
182 3757 263 3811 dabei
281 3775 339 3812 war
353 3758 403 3812 das
414 3757 537 3826 Zeugnis
579 3777 633 3815 von
660 3777 702 3815 wo
724 3778 754 3816 er
771 3778 816 3815 arn
834 3764 875 3815 22.
894 3761 966 3814 nach
984 3760 1162 3814 Brundisium

55 3841 232 3912 Nachfolgers
251 3859 305 3896 von
321 3859 445 3912 grossem
458 3840 537 3896 Wert
579 3843 661 3912 kam;
687 3844 749 3899 hier
766 3845 897 3899 binderte
915 3845 963 3897 ihn
982 3843 1162 3898 Unwohlsein

55 3944 69 3979 ι.
578 3927 636 3981 und
646 3926 691 3983 die
699 3930 859 3995 verspitete
869 3927 998 3980 Ankunft
1007 3927 1054 3980 des
1063 3927 1163 3994 Pomp·

55 4021 128 4062 notro
154 4009 277 4079 consulto]
295 4010 353 4064 ΔΕ.
372 4012 412 4064 25.
434 4037 468 4047 —
494 4011 536 4062 de·
578 4012 665 4078 tinus,
683 4011 773 4081 gleich
792 4012 888 4065 weiter
905 4030 939 4065 zu
956 4011 1055 4065 reisen.

75 4113 109 4148 zu
137 4111 180 4161 ep.
198 4096 232 4147 48
249 4093 324 4148 Einl.
343 4120 375 4130 -
397 4096 467 4162 quod
483 4096 536 4147 eiua
612 4098 635 4149 1.
655 4096 685 4161 Q.
704 4093 813 4163 Fadius]
832 4095 871 4147 im
889 4093 1076 4164 Biirgerlrrieg
1085 4094 1163 4148 Pom·

55 4196 61 4231 ι
84 4196 128 4246 ep.
154 4181 203 4246 16,
227 4180 252 4232 6.
271 4206 304 4215 —
322 4180 460 4246 looqt'orcm
476 4196 535 4231 orc-
577 4178 706 4247 pejaner:
725 4195 770 4246 ep.
787 4180 873 4232 65.-
887 4179 1021 4246 praesidio
1032 4177 1160 4246 firmiore]

71 4263 127 4330 vgl.
145 4278 189 4328 ep.
209 4264 248 4328 12,
263 4263 288 4314 3.
304 4291 332 4300 -
343 4281 379 4316 oc
395 4261 457 4330 non]
476 4261 535 4315 und
577 4262 603 4316 d.
621 4262 648 4316 h.
665 4263 726 4317 eine
743 4262 870 4317 stiirlrere
887 4261 1065 4331 Besatzung3
1083 4261 1162 4316 mehr

55 4345 195 4401 rielmshr:
208 4344 259 4399 ES.
275 4347 333 4413 343,
352 4347 383 4399 A.
401 4348 426 4399 4.
446 4373 474 4383 -
494 4349 534 4399 io·
576 4345 727 4414 Truppen3
753 4346 821 4400 iiber
838 4345 946 4401 Ciceros
965 4345 1162 4416 liriegsmacht

55 4428 76 4499 o]
96 4448 129 4483 zu
149 4446 192 4498 ep.
210 4431 252 4491 43,
268 4431 293 4483 ὅ.
576 4447 596 4483 s.
615 4429 673 4482 ΑΕ.
690 4432 732 4484 25.
754 4459 788 4467 -
817 4431 916 4496 Bibuli]
936 4430 974 4483 M.
992 4429 1160 4499 Calpurnius

57 4554 64 4567 .
91 4514 186 4567 Cicero
208 4528 267 4566 war
285 4528 330 4565 am
349 4514 388 4566 10.
402 4512 459 4567 Mai
479 4528 531 4569 von
574 4513 710 4585 Bibulus,
744 4514 846 4571 Cinara
874 4514 996 4586 Kollege
1029 4514 1075 4569 im
1098 4512 1185 4566 Kon-
