2602 4890
229 199 621 268 Mmunmn
970 206 1030 268 w

54 365 167 431 ercules
187 364 294 432 babeo
312 366 470 431 cariorem
490 366 789 450 sollicitudinesque
807 388 895 434 meas
914 368 1032 434 cotidie

55 466 147 532 rerita
177 471 347 546 exacuunt,
379 487 418 531 nc
449 466 529 550 quid
560 472 679 533 cutax
705 487 816 532 amore
838 474 898 533 unt
920 490 960 533 ex
980 470 1029 533 iu-

55 566 151 633 rdam.
193 565 290 649 Opto,
322 571 361 631 ut
390 567 469 631 mihi
499 568 599 632 liceat
628 567 694 633 iam
724 569 888 650 praesenti
909 570 1031 652 pietate

55 665 170 731 riorum
191 674 250 732 tna
271 666 426 732 beneficia
443 668 506 733 tibi
522 667 628 734 fucere
646 668 847 734 iucundiora
874 691 929 729 vrn
952 671 1030 736 ldus

55 787 85 846 e,
109 788 149 831 ex
168 765 289 831 finibus
311 768 532 851 Allobrogum.

207 1002 284 1068 CLI.
307 1004 364 1088 (ad
386 1004 462 1072 fam.
484 1005 556 1087 XII,
581 1009 642 1092 10.)

67 1154 172 1209 Romae
189 1095 305 1209 ineubte
323 1173 420 1210 mense
438 1155 558 1222 Quintili
575 1160 609 1211 A.
626 1156 660 1211 U.
678 1157 706 1213 C.
724 1162 771 1213 711
792 1157 854 1226 (43).

214 1289 370 1356 CICERO
394 1290 538 1357 CASSIO
560 1291 646 1359 SAL.

87 1444 163 1503 tuus
186 1438 309 1520 adfinis,
342 1462 429 1505 meus
451 1440 631 1522 familiaris,
650 1464 697 1526 pr.
719 1443 758 1507 Κ.
781 1444 934 1522 Quintilis
956 1465 1027 1509 sen·
1056 1467 1068 1515 1

55 1560 105 1603 rus
127 1540 230 1605 bostis
253 1562 273 1605 a
297 1547 414 1607 senatu
435 1542 600 1607 iudicatus
621 1549 671 1609 est
693 1544 864 1628 ceterique,
885 1546 943 1628 qui
964 1566 1029 1611 una

55 1639 237 1722 republica
259 1641 465 1721 defecerunt;
496 1643 616 1725 quibus
647 1648 757 1708 tamen
788 1645 830 1709 ad
856 1646 1028 1712 sanitatem

55 1745 85 1804 te
107 1740 145 1807 K.
167 1740 252 1824 Sept.
276 1747 423 1825 potestas
444 1742 533 1808 facta
559 1748 616 1811 est.
658 1743 767 1809 Fortis
789 1766 866 1810 sane
887 1752 1028 1833 senatus,

59 1862 116 1924 spe
138 1842 275 1907 subsidii
298 1844 355 1908 tui.
398 1842 524 1908 Bellum
547 1844 686 1927 quidem,
714 1865 787 1909 cum
808 1846 889 1911 haec
911 1849 1028 1917 scribe-

55 1963 185 2025 ragnum
207 1950 278 2008 erat
301 1944 421 2008 scelere
439 1950 471 2008 et
493 1944 624 2010 levitate
645 1944 768 2029 Lepidi.

55 2042 219 2108 Dolabella
238 2043 364 2124 cotidie,
384 2065 468 2126 quae
486 2044 644 2124 volumus,
668 2034 827 2126 audimus,
847 2047 902 2112 sed
921 2046 1028 2112 adhuc

55 2144 117 2208 sine
148 2151 301 2223 auctore,
332 2165 461 2209 rumore
486 2146 609 2210 nuntio.
654 2145 749 2222 Quod
770 2167 843 2210 cum
864 2147 912 2212 ita
934 2156 1026 2229 esset,
1053 2201 1069 2218 .

55 2264 69 2306 s
92 2244 167 2323 tuis,
191 2265 272 2326 quas
295 2243 395 2308 Nonis
419 2244 515 2310 Maiis
538 2266 577 2309 cx
598 2247 712 2310 castris
742 2247 837 2312 datas
860 2269 1026 2332 accepera·

55 2363 181 2406 suasum
203 2349 275 2409 erat
297 2344 432 2424 civitati,
455 2350 493 2408 ut
514 2344 606 2409 illum
626 2345 692 2409 iam
711 2368 899 2430 oppressum
918 2368 1026 2414 omnes

54 2467 70 2521 r,
94 2449 127 2507 te
150 2449 260 2508 autem
282 2446 315 2508 in
339 2445 471 2510 Italiam
493 2446 602 2509 venire
632 2466 705 2510 cum
737 2450 890 2528 exercitu,
920 2457 969 2528 ut,
999 2450 1027 2515 si

55 2543 143 2608 entia
161 2543 308 2608 confecta
329 2551 445 2624 essent,
467 2546 601 2610 consilio
619 2552 718 2630 atque
740 2551 936 2615 auctoritate
957 2555 1026 2629 tua,

55 2848 124 2902 Caes.
143 2848 169 2901 b.
188 2849 240 2902 civ.
266 2850 288 2914 1,
305 2852 353 2917 26,
370 2853 401 2903 2:
445 2850 519 2904 bella
544 2853 607 2905 liess
642 2849 691 2904 auf
723 2851 826 2904 seinem
852 2848 930 2918 Zuge
956 2850 1027 2904 nach

68 2934 97 2984 in
131 2951 158 2986 co
183 2936 403 3000 perseverandum
446 2933 543 3001 Syrien
561 2932 593 3000 (s.
611 2953 645 2988 zu
660 2952 705 3001 ep.
724 2937 780 3000 138,
797 2935 824 3003 2)
838 2935 892 2988 den
906 2933 1028 2988 Prokon·

445 3018 488 3070 sul
506 3035 560 3071 von
586 3019 679 3085 Arion,
705 3019 734 3072 C.
760 3018 922 3083 Trebonius,
946 3018 1027 3071 einen

66 3102 163 3168 opiter
189 3100 403 3169 Gratianopolis,
445 3101 496 3155 der
513 3102 717 3167 cusarmtruen
735 3103 814 3156 tbten
841 3102 899 3155 und
925 3101 1027 3169 beging

55 3185 167 3239 renoble.
445 3185 475 3237 in
489 3186 587 3240 deosen
597 3187 717 3241 Provinz
731 3187 802 3239 viole
813 3184 1028 3251 Gewaltthiitig·

61 3285 119 3321 war
133 3270 204 3324 nach
215 3270 265 3323 der
274 3267 403 3322 Soblacht
446 3268 541 3323 keiten
567 3270 626 3325 und
653 3270 837 3324 Riobereien.
864 3267 904 3321 Er
929 3267 1028 3321 wurde

55 3370 72 3404 n
90 3351 176 3406 Sonat
184 3353 224 3406 als
234 3351 403 3406 Statthalter
445 3352 588 3422 deswcgen
606 3354 646 3408 im
663 3354 741 3407 Mirr
758 3354 845 3408 dieses
872 3352 972 3406 Iabres
998 3352 1027 3405 in

55 3437 168 3490 urkannt
194 3437 321 3502 worden,
346 3453 402 3489 was
445 3435 489 3490 die
507 3437 581 3490 Acbt
599 3438 714 3504 erkldrt,
732 3438 789 3491 und
807 3436 915 3490 Cassius
933 3435 1028 3489 fiihrte

55 3522 133 3588 Inger
150 3520 312 3589 gewiinscht
324 3520 403 3574 hatte
445 3536 504 3572 nun
515 3520 601 3588 Krieg
611 3538 698 3591 gegen
708 3522 766 3575 ibn.
776 3521 921 3575 Dolabella
931 3520 1027 3573 wurde

55 3620 61 3656 r
88 3621 175 3671 ganne
197 3603 245 3656 XI.
270 3604 403 3672 philippi·
446 3603 548 3657 zuletzt
565 3605 595 3657 in
614 3605 755 3659 Laodicea
773 3622 802 3658 ao
831 3605 860 3658 in
887 3604 931 3658 die
949 3603 1028 3670 Engc

55 3688 133 3742 licaer
159 3687 236 3741 Brief
256 3689 294 3740 ist
320 3692 403 3740 unter
445 3687 598 3754 getrieben‚
616 3689 681 3743 dass
699 3707 730 3743 er
748 3686 1028 3743 einemoeinerKrie·

55 3772 144 3825 ¹einer
154 3789 209 3825 von
219 3772 326 3825 Ciceros
337 3772 403 3824 letz-
445 3787 495 3839 ger
521 3771 629 3837 befahl,
656 3773 715 3825 ihm
743 3773 797 3826 den
836 3769 912 3838 Kopf
947 3767 1028 3820 abau-

446 3855 576 3924 ochlagen
594 3854 623 3924 (J
626 3856 665 3909 uli
682 3855 736 3923 43).
764 3886 793 3894 -
812 3857 856 3908 red
873 3853 958 3905 adbuc
973 3853 1028 3904 ano

55 3937 86 4006 ie]
115 3939 236 4006 Lepidus
265 3939 323 3992 und
340 3938 403 3991 Cas·
445 3938 537 4005 cupite]
568 3939 635 3993 aber
662 3940 706 3993 bis
729 3941 800 4006 jetzt
826 3938 898 3991 ohne
923 3936 1028 3990 sichere

55 4024 402 4089 rudgerrzuep.130,l.
446 4022 549 4090 Quelle.
570 4023 634 4092 Vgl.
652 4041 703 4092 pro
722 4025 815 4077 Plano.
844 4025 892 4078 57:
935 4022 1029 4089 Neque

58 4103 128 4172 ]zur
141 4105 403 4173 republilranisohen
446 4126 495 4174 epo,
520 4110 543 4160 ci
559 4110 662 4175 fontem
692 4109 818 4160 maledicti
843 4108 1029 4174 reperiebant

71 4193 88 4243 4
106 4208 160 4244 von
177 4191 277 4244 Cbaar:
294 4194 403 4257 videtur,
446 4194 582 4259 neplepotr's
599 4202 646 4244 aut
669 4193 837 4253 dissimuletis,
853 4208 977 4258 umquam
983 4207 1030 4257 po·

55 4278 123 4328 rrimi
136 4294 218 4343 porse.
235 4303 267 4312 -
290 4286 350 4329 orote
367 4277 403 4329 K.
445 4278 552 4342 attelabo,
570 4278 615 4328 aed
631 4277 653 4327 ai
669 4277 732 4343 quid
748 4277 803 4327 riae
816 4277 901 4343 capite
914 4275 1029 4326 manabit

64 4362 87 4412 1.
113 4358 285 4426 September.
323 4359 403 4415 Dicae
445 4368 492 4412 out
508 4361 572 4428 quid
589 4361 638 4413 crit
655 4361 710 4411 ciac
735 4359 812 4419 modi,
837 4369 936 4411 utnon
954 4368 1029 4410 exstet

55 4460 76 4496 :e
102 4459 169 4496 man
192 4443 247 4496 den
269 4442 402 4511 Truppen
444 4453 550 4496 croetor.
564 4480 590 4496 ..
607 4472 639 4481 -
657 4459 760 4494 numm
775 4440 876 4510 ιιιιιιιίο]
895 4440 958 4494 Abl.
971 4440 1029 4497 abs.

55 4553 79 4563 -
96 4528 128 4579 dc
154 4524 303 4595 Dolabella]
321 4525 402 4581 Dola·
477 4529 503 4581 2.
520 4525 593 4595 bucol
609 4524 657 4581 die
680 4525 833 4581 italiaoban
860 4525 1040 4592 burgalenen-
