<?xml version="1.0" encoding="UTF-8"?>
<!DOCTYPE html PUBLIC "-//W3C//DTD XHTML 1.0 Transitional//EN"
    "http://www.w3.org/TR/xhtml1/DTD/xhtml1-transitional.dtd">
<html xmlns="http://www.w3.org/1999/xhtml" xml:lang="en" lang="en">
 <head>
  <title>
</title>
<meta http-equiv="Content-Type" content="text/html;charset=utf-8" />
  <meta name='ocr-system' content='tesseract 3.04.00' />
  <meta name='ocr-capabilities' content='ocr_page ocr_carea ocr_par ocr_line ocrx_word'/>
</head>
<body>
  <div class='ocr_page' id='page_1' title='image "./epistulaeselect00boecgoog_0472.png"; bbox 0 0 2602 4890; ppageno 0'>
   <div class='ocr_carea' id='block_1_1' title="bbox 387 183 1107 252">
    <p class='ocr_par' dir='ltr' id='par_1_1' title="bbox 387 183 1107 252">
     <span class='ocr_line' id='line_1_1' title="bbox 387 183 1107 252; baseline -0.006 -13"><span class='ocrx_word' id='word_1_1' title='bbox 387 186 432 239; x_wconf 79' lang='lat' dir='ltr'>Ad</span> <span class='ocrx_word' id='word_1_2' title='bbox 448 184 515 239; x_wconf 76' lang='lat' dir='ltr'>fam.</span> <span class='ocrx_word' id='word_1_3' title='bbox 531 183 567 252; x_wconf 80' lang='lat' dir='ltr'>x,</span> <span class='ocrx_word' id='word_1_4' title='bbox 584 186 610 239; x_wconf 85' lang='lat'>6.</span> <span class='ocrx_word' id='word_1_5' title='bbox 1045 188 1107 249; x_wconf 83' lang='lat'>453</span> 
     </span>
    </p>
   </div>
   <div class='ocr_carea' id='block_1_2' title="bbox 54 350 1152 1828">
    <p class='ocr_par' dir='ltr' id='par_1_2' title="bbox 54 350 1152 1828">
     <span class='ocr_line' id='line_1_2' title="bbox 55 350 1108 434; baseline -0.003 -16"><span class='ocrx_word' id='word_1_6' title='bbox 55 375 114 420; x_wconf 89' lang='lat' dir='ltr'>nos</span> <span class='ocrx_word' id='word_1_7' title='bbox 135 390 187 434; x_wconf 89' lang='lat'>-,</span> <span class='ocrx_word' id='word_1_8' title='bbox 210 374 265 418; x_wconf 92' lang='lat' dir='ltr'>eos</span> <span class='ocrx_word' id='word_1_9' title='bbox 287 352 446 417; x_wconf 91' lang='lat' dir='ltr'>honorum</span> <span class='ocrx_word' id='word_1_10' title='bbox 465 351 627 416; x_wconf 79' lang='lat' dir='ltr'>vocabula</span> <span class='ocrx_word' id='word_1_11' title='bbox 648 350 830 431; x_wconf 87' lang='lat' dir='ltr'>habituros,</span> <span class='ocrx_word' id='word_1_12' title='bbox 853 372 918 416; x_wconf 93' lang='lat' dir='ltr'>non</span> <span class='ocrx_word' id='word_1_13' title='bbox 936 350 1108 433; x_wconf 81' lang='lat' dir='ltr'>dignitatis</span> 
     </span>
     <span class='ocr_line' id='line_1_3' title="bbox 74 449 1108 534; baseline -0.002 -16"><span class='ocrx_word' id='word_1_14' title='bbox 74 453 137 518; x_wconf 92' lang='lat' dir='ltr'>nisi</span> <span class='ocrx_word' id='word_1_15' title='bbox 167 460 200 518; x_wconf 86' lang='lat' dir='ltr'>te</span> <span class='ocrx_word' id='word_1_16' title='bbox 230 473 304 516; x_wconf 92' lang='lat' dir='ltr'>cum</span> <span class='ocrx_word' id='word_1_17' title='bbox 334 450 486 516; x_wconf 86' lang='lat' dir='ltr'>libertate</span> <span class='ocrx_word' id='word_1_18' title='bbox 516 451 629 534; x_wconf 91' lang='lat' dir='ltr'>populi</span> <span class='ocrx_word' id='word_1_19' title='bbox 647 449 785 515; x_wconf 88' lang='lat' dir='ltr'>Romani</span> <span class='ocrx_word' id='word_1_20' title='bbox 816 458 849 516; x_wconf 88' lang='lat' dir='ltr'>et</span> <span class='ocrx_word' id='word_1_21' title='bbox 881 472 955 516; x_wconf 93' lang='lat' dir='ltr'>cum</span> <span class='ocrx_word' id='word_1_22' title='bbox 976 458 1108 517; x_wconf 88' lang='lat' dir='ltr'>senatus</span> 
     </span>
     <span class='ocr_line' id='line_1_4' title="bbox 55 552 1108 636; baseline -0.004 -16"><span class='ocrx_word' id='word_1_23' title='bbox 55 562 99 620; x_wconf 68' lang='lat' dir='ltr'>rte</span> <span class='ocrx_word' id='word_1_24' title='bbox 122 554 335 619; x_wconf 87' lang='lat' dir='ltr'>coniunxeris.</span> <span class='ocrx_word' id='word_1_25' title='bbox 376 552 514 633; x_wconf 85' lang='lat' dir='ltr'>Seiunge</span> <span class='ocrx_word' id='word_1_26' title='bbox 544 559 587 631; x_wconf 87' lang='lat' dir='ltr'>te,</span> <span class='ocrx_word' id='word_1_27' title='bbox 615 572 747 634; x_wconf 82' lang='lat' dir='ltr'>quaeso,</span> <span class='ocrx_word' id='word_1_28' title='bbox 779 552 957 636; x_wconf 87' lang='lat' dir='ltr'>aliquando</span> <span class='ocrx_word' id='word_1_29' title='bbox 989 553 1032 617; x_wconf 87' lang='lat' dir='ltr'>ab</span> <span class='ocrx_word' id='word_1_30' title='bbox 1058 553 1108 632; x_wconf 90' lang='lat' dir='ltr'>iis,</span> 
     </span>
     <span class='ocr_line' id='line_1_5' title="bbox 55 652 1106 735; baseline -0.002 -16"><span class='ocrx_word' id='word_1_31' title='bbox 55 658 113 720; x_wconf 89' lang='lat' dir='ltr'>bus</span> <span class='ocrx_word' id='word_1_32' title='bbox 136 661 167 718; x_wconf 91' lang='lat' dir='ltr'>te</span> <span class='ocrx_word' id='word_1_33' title='bbox 188 675 253 718; x_wconf 91' lang='lat' dir='ltr'>non</span> <span class='ocrx_word' id='word_1_34' title='bbox 276 660 369 717; x_wconf 92' lang='lat' dir='ltr'>tuum</span> <span class='ocrx_word' id='word_1_35' title='bbox 386 652 552 732; x_wconf 92' lang='lat' dir='ltr'>iudicium,</span> <span class='ocrx_word' id='word_1_36' title='bbox 574 652 631 716; x_wconf 88' lang='lat' dir='ltr'>sed</span> <span class='ocrx_word' id='word_1_37' title='bbox 649 664 833 735; x_wconf 89' lang='lat' dir='ltr'>temporum</span> <span class='ocrx_word' id='word_1_38' title='bbox 850 653 957 718; x_wconf 86' lang='lat' dir='ltr'>vincla</span> <span class='ocrx_word' id='word_1_39' title='bbox 974 654 1106 718; x_wconf 91' lang='lat' dir='ltr'>coniun-</span> 
     </span>
     <span class='ocr_line' id='line_1_6' title="bbox 80 753 1152 838; baseline -0.005 -18"><span class='ocrx_word' id='word_1_40' title='bbox 80 754 270 838; x_wconf 87' lang='lat' dir='ltr'>Oomplures</span> <span class='ocrx_word' id='word_1_41' title='bbox 300 754 334 817; x_wconf 92' lang='lat' dir='ltr'>in</span> <span class='ocrx_word' id='word_1_42' title='bbox 365 753 613 836; x_wconf 81' lang='lat' dir='ltr'>perturbatione</span> <span class='ocrx_word' id='word_1_43' title='bbox 652 756 699 818; x_wconf 86' lang='lat' dir='ltr'>rei</span> <span class='ocrx_word' id='word_1_44' title='bbox 730 754 884 836; x_wconf 87' lang='lat' dir='ltr'>publicae</span> <span class='ocrx_word' id='word_1_45' title='bbox 919 754 1107 819; x_wconf 87' lang='lat' dir='ltr'>consulares</span> <span class='ocrx_word' id='word_1_46' title='bbox 1135 765 1152 815; x_wconf 83' lang='lat'><strong>3</strong></span> 
     </span>
     <span class='ocr_line' id='line_1_7' title="bbox 56 853 1110 938; baseline -0.003 -17"><span class='ocrx_word' id='word_1_47' title='bbox 56 878 149 922; x_wconf 93' lang='lat' dir='ltr'>orum</span> <span class='ocrx_word' id='word_1_48' title='bbox 169 876 264 920; x_wconf 88' lang='lat' dir='ltr'>nemo</span> <span class='ocrx_word' id='word_1_49' title='bbox 283 853 461 918; x_wconf 89' lang='lat' dir='ltr'>consularis</span> <span class='ocrx_word' id='word_1_50' title='bbox 479 854 612 919; x_wconf 85' lang='lat' dir='ltr'>habitus</span> <span class='ocrx_word' id='word_1_51' title='bbox 630 860 684 933; x_wconf 84' lang='lat' dir='ltr'>est,</span> <span class='ocrx_word' id='word_1_52' title='bbox 702 855 765 919; x_wconf 89' lang='lat' dir='ltr'>nisi</span> <span class='ocrx_word' id='word_1_53' title='bbox 783 855 838 938; x_wconf 93' lang='lat' dir='ltr'>qui</span> <span class='ocrx_word' id='word_1_54' title='bbox 857 855 965 919; x_wconf 88' lang='lat' dir='ltr'>animo</span> <span class='ocrx_word' id='word_1_55' title='bbox 983 853 1110 919; x_wconf 87' lang='lat' dir='ltr'>exstitit</span> 
     </span>
     <span class='ocr_line' id='line_1_8' title="bbox 55 953 1110 1038; baseline -0.003 -19"><span class='ocrx_word' id='word_1_56' title='bbox 55 957 210 1038; x_wconf 60' lang='lat' dir='ltr'>publicam</span> <span class='ocrx_word' id='word_1_57' title='bbox 232 955 420 1020; x_wconf 90' lang='lat' dir='ltr'>consularis.</span> <span class='ocrx_word' id='word_1_58' title='bbox 464 953 576 1019; x_wconf 88' lang='lat' dir='ltr'>Talem</span> <span class='ocrx_word' id='word_1_59' title='bbox 606 955 708 1037; x_wconf 84' lang='lat' dir='ltr'>igitur</span> <span class='ocrx_word' id='word_1_60' title='bbox 740 960 771 1018; x_wconf 85' lang='lat' dir='ltr'>ts</span> <span class='ocrx_word' id='word_1_61' title='bbox 792 975 860 1019; x_wconf 86' lang='lat' dir='ltr'>esse</span> <span class='ocrx_word' id='word_1_62' title='bbox 883 960 1025 1037; x_wconf 86' lang='lat' dir='ltr'>oportet,</span> <span class='ocrx_word' id='word_1_63' title='bbox 1052 954 1110 1037; x_wconf 89' lang='lat' dir='ltr'>qui</span> 
     </span>
     <span class='ocr_line' id='line_1_9' title="bbox 73 1056 1111 1140; baseline -0.005 -18"><span class='ocrx_word' id='word_1_64' title='bbox 73 1064 105 1122; x_wconf 85' lang='lat' dir='ltr'>te</span> <span class='ocrx_word' id='word_1_65' title='bbox 136 1058 177 1122; x_wconf 88' lang='lat' dir='ltr'>ab</span> <span class='ocrx_word' id='word_1_66' title='bbox 209 1057 385 1140; x_wconf 92' lang='lat' dir='ltr'>impiorum</span> <span class='ocrx_word' id='word_1_67' title='bbox 416 1056 533 1120; x_wconf 88' lang='lat' dir='ltr'>civium</span> <span class='ocrx_word' id='word_1_68' title='bbox 565 1058 614 1121; x_wconf 94' lang='lat' dir='ltr'>tui</span> <span class='ocrx_word' id='word_1_69' title='bbox 645 1056 934 1121; x_wconf 89' lang='lat' dir='ltr'>dissimillimorum</span> <span class='ocrx_word' id='word_1_70' title='bbox 955 1057 1111 1119; x_wconf 85' lang='lat' dir='ltr'>societate</span> 
     </span>
     <span class='ocr_line' id='line_1_10' title="bbox 54 1155 1110 1241; baseline -0.005 -19"><span class='ocrx_word' id='word_1_71' title='bbox 54 1209 61 1238; x_wconf 87' lang='lat'>,</span> <span class='ocrx_word' id='word_1_72' title='bbox 95 1158 211 1223; x_wconf 87' lang='lat' dir='ltr'>deinde</span> <span class='ocrx_word' id='word_1_73' title='bbox 241 1166 274 1222; x_wconf 86' lang='lat' dir='ltr'>te</span> <span class='ocrx_word' id='word_1_74' title='bbox 305 1157 432 1222; x_wconf 88' lang='lat' dir='ltr'>senatui</span> <span class='ocrx_word' id='word_1_75' title='bbox 455 1157 615 1241; x_wconf 84' lang='lat' dir='ltr'>bonisque</span> <span class='ocrx_word' id='word_1_76' title='bbox 645 1157 793 1222; x_wconf 92' lang='lat' dir='ltr'>omnibus</span> <span class='ocrx_word' id='word_1_77' title='bbox 816 1161 992 1235; x_wconf 86' lang='lat' dir='ltr'>auctorem,</span> <span class='ocrx_word' id='word_1_78' title='bbox 1022 1155 1110 1239; x_wconf 92' lang='lat' dir='ltr'>prin·</span> 
     </span>
     <span class='ocr_line' id='line_1_11' title="bbox 55 1255 1110 1342; baseline -0.004 -20"><span class='ocrx_word' id='word_1_79' title='bbox 55 1281 153 1324; x_wconf 87' lang='lat' dir='ltr'>ucem</span> <span class='ocrx_word' id='word_1_80' title='bbox 175 1259 342 1342; x_wconf 85' lang='lat' dir='ltr'>praebeas,</span> <span class='ocrx_word' id='word_1_81' title='bbox 373 1264 535 1340; x_wconf 85' lang='lat' dir='ltr'>postremo</span> <span class='ocrx_word' id='word_1_82' title='bbox 558 1262 596 1321; x_wconf 93' lang='lat' dir='ltr'>ut</span> <span class='ocrx_word' id='word_1_83' title='bbox 618 1278 729 1340; x_wconf 88' lang='lat' dir='ltr'>pacem</span> <span class='ocrx_word' id='word_1_84' title='bbox 757 1277 824 1322; x_wconf 87' lang='lat' dir='ltr'>esse</span> <span class='ocrx_word' id='word_1_85' title='bbox 846 1256 969 1320; x_wconf 87' lang='lat' dir='ltr'>iudices</span> <span class='ocrx_word' id='word_1_86' title='bbox 990 1275 1055 1319; x_wconf 92' lang='lat' dir='ltr'>non</span> <span class='ocrx_word' id='word_1_87' title='bbox 1077 1255 1110 1318; x_wconf 95' lang='lat' dir='ltr'>in</span> 
     </span>
     <span class='ocr_line' id='line_1_12' title="bbox 55 1357 1110 1440; baseline -0.004 -15"><span class='ocrx_word' id='word_1_88' title='bbox 55 1361 146 1440; x_wconf 72' lang='lat' dir='ltr'>sitis,</span> <span class='ocrx_word' id='word_1_89' title='bbox 168 1359 223 1423; x_wconf 89' lang='lat' dir='ltr'>sed</span> <span class='ocrx_word' id='word_1_90' title='bbox 245 1359 278 1422; x_wconf 91' lang='lat' dir='ltr'>in</span> <span class='ocrx_word' id='word_1_91' title='bbox 301 1358 426 1423; x_wconf 86' lang='lat' dir='ltr'>abiecto</span> <span class='ocrx_word' id='word_1_92' title='bbox 450 1379 613 1422; x_wconf 90' lang='lat' dir='ltr'>armorum</span> <span class='ocrx_word' id='word_1_93' title='bbox 637 1363 670 1422; x_wconf 89' lang='lat' dir='ltr'>et</span> <span class='ocrx_word' id='word_1_94' title='bbox 691 1357 858 1421; x_wconf 87' lang='lat' dir='ltr'>servitutis</span> <span class='ocrx_word' id='word_1_95' title='bbox 880 1363 978 1422; x_wconf 87' lang='lat' dir='ltr'>metu.</span> <span class='ocrx_word' id='word_1_96' title='bbox 1021 1357 1110 1422; x_wconf 91' lang='lat' dir='ltr'>Haec</span> 
     </span>
     <span class='ocr_line' id='line_1_13' title="bbox 55 1457 1111 1537; baseline -0.004 -12"><span class='ocrx_word' id='word_1_97' title='bbox 55 1483 81 1525; x_wconf 78' lang='lat' dir='ltr'>es</span> <span class='ocrx_word' id='word_1_98' title='bbox 102 1466 134 1524; x_wconf 87' lang='lat' dir='ltr'>et</span> <span class='ocrx_word' id='word_1_99' title='bbox 155 1458 284 1536; x_wconf 84' lang='lat' dir='ltr'>senties,</span> <span class='ocrx_word' id='word_1_100' title='bbox 316 1465 385 1522; x_wconf 89' lang='lat' dir='ltr'>tum</span> <span class='ocrx_word' id='word_1_101' title='bbox 417 1460 480 1522; x_wconf 92' lang='lat' dir='ltr'>eris</span> <span class='ocrx_word' id='word_1_102' title='bbox 510 1479 575 1523; x_wconf 92' lang='lat' dir='ltr'>non</span> <span class='ocrx_word' id='word_1_103' title='bbox 606 1457 702 1522; x_wconf 95' lang='lat' dir='ltr'>modo</span> <span class='ocrx_word' id='word_1_104' title='bbox 724 1457 837 1522; x_wconf 88' lang='lat' dir='ltr'>consul</span> <span class='ocrx_word' id='word_1_105' title='bbox 868 1463 900 1522; x_wconf 93' lang='lat' dir='ltr'>et</span> <span class='ocrx_word' id='word_1_106' title='bbox 922 1458 1111 1537; x_wconf 89' lang='lat' dir='ltr'>consularis,</span> 
     </span>
     <span class='ocr_line' id='line_1_14' title="bbox 55 1559 1111 1638; baseline -0.002 -12"><span class='ocrx_word' id='word_1_107' title='bbox 55 1584 120 1635; x_wconf 74' lang='lat' dir='ltr'>:nus</span> <span class='ocrx_word' id='word_1_108' title='bbox 143 1563 242 1626; x_wconf 89' lang='lat' dir='ltr'>etiam</span> <span class='ocrx_word' id='word_1_109' title='bbox 264 1559 377 1624; x_wconf 89' lang='lat' dir='ltr'>consul</span> <span class='ocrx_word' id='word_1_110' title='bbox 399 1565 432 1624; x_wconf 92' lang='lat' dir='ltr'>et</span> <span class='ocrx_word' id='word_1_111' title='bbox 453 1559 650 1638; x_wconf 87' lang='lat' dir='ltr'>consularis;</span> <span class='ocrx_word' id='word_1_112' title='bbox 682 1559 730 1623; x_wconf 92' lang='lat' dir='ltr'>sin</span> <span class='ocrx_word' id='word_1_113' title='bbox 762 1560 870 1638; x_wconf 84' lang='lat' dir='ltr'>aliter,</span> <span class='ocrx_word' id='word_1_114' title='bbox 893 1567 962 1624; x_wconf 93' lang='lat' dir='ltr'>tum</span> <span class='ocrx_word' id='word_1_115' title='bbox 984 1561 1018 1623; x_wconf 93' lang='lat' dir='ltr'>in</span> <span class='ocrx_word' id='word_1_116' title='bbox 1039 1561 1111 1624; x_wconf 88' lang='lat' dir='ltr'>istis</span> 
     </span>
     <span class='ocr_line' id='line_1_15' title="bbox 55 1660 1112 1743; baseline -0.002 -16"><span class='ocrx_word' id='word_1_117' title='bbox 55 1665 111 1727; x_wconf 92' lang='lat' dir='ltr'>mis</span> <span class='ocrx_word' id='word_1_118' title='bbox 142 1661 328 1727; x_wconf 87' lang='lat' dir='ltr'>nominibus</span> <span class='ocrx_word' id='word_1_119' title='bbox 358 1660 519 1725; x_wconf 91' lang='lat' dir='ltr'>honorum</span> <span class='ocrx_word' id='word_1_120' title='bbox 549 1682 614 1726; x_wconf 93' lang='lat' dir='ltr'>non</span> <span class='ocrx_word' id='word_1_121' title='bbox 641 1661 737 1727; x_wconf 88' lang='lat' dir='ltr'>modo</span> <span class='ocrx_word' id='word_1_122' title='bbox 759 1661 902 1743; x_wconf 85' lang='lat' dir='ltr'>dignitas</span> <span class='ocrx_word' id='word_1_123' title='bbox 924 1661 1016 1727; x_wconf 88' lang='lat' dir='ltr'>nulla</span> <span class='ocrx_word' id='word_1_124' title='bbox 1039 1663 1112 1740; x_wconf 88' lang='lat' dir='ltr'>erit,</span> 
     </span>
     <span class='ocr_line' id='line_1_16' title="bbox 68 1762 408 1828; baseline -0.012 0"><span class='ocrx_word' id='word_1_125' title='bbox 68 1784 193 1828; x_wconf 86' lang='lat' dir='ltr'>summa</span> <span class='ocrx_word' id='word_1_126' title='bbox 210 1762 408 1827; x_wconf 84' lang='lat' dir='ltr'>deformitas.</span> 
     </span>
    </p>
   </div>
   <div class='ocr_carea' id='block_1_3' title="bbox 55 1928 1115 2112">
    <p class='ocr_par' dir='ltr' id='par_1_3' title="bbox 55 1928 1115 2112">
     <span class='ocr_line' id='line_1_17' title="bbox 55 1928 1114 2013; baseline -0.001 -21"><span class='ocrx_word' id='word_1_127' title='bbox 55 1952 77 1995; x_wconf 65' lang='lat' dir='ltr'>ec</span> <span class='ocrx_word' id='word_1_128' title='bbox 99 1931 256 2013; x_wconf 90' lang='lat' dir='ltr'>impulsus</span> <span class='ocrx_word' id='word_1_129' title='bbox 276 1929 499 1994; x_wconf 88' lang='lat' dir='ltr'>benevolentia</span> <span class='ocrx_word' id='word_1_130' title='bbox 520 1929 635 2011; x_wconf 84' lang='lat' dir='ltr'>scripsi</span> <span class='ocrx_word' id='word_1_131' title='bbox 665 1928 763 2012; x_wconf 86' lang='lat' dir='ltr'>paulo</span> <span class='ocrx_word' id='word_1_132' title='bbox 786 1929 937 2007; x_wconf 87' lang='lat' dir='ltr'>severius,</span> <span class='ocrx_word' id='word_1_133' title='bbox 968 1949 1054 2011; x_wconf 87' lang='lat' dir='ltr'>quae</span> <span class='ocrx_word' id='word_1_134' title='bbox 1077 1935 1114 1993; x_wconf 93' lang='lat' dir='ltr'>tu</span> 
     </span>
     <span class='ocr_line' id='line_1_18' title="bbox 55 2028 1115 2112; baseline -0.001 -16"><span class='ocrx_word' id='word_1_135' title='bbox 55 2031 154 2096; x_wconf 88' lang='lat' dir='ltr'>iendo</span> <span class='ocrx_word' id='word_1_136' title='bbox 178 2050 217 2094; x_wconf 94' lang='lat' dir='ltr'>ea</span> <span class='ocrx_word' id='word_1_137' title='bbox 237 2029 374 2110; x_wconf 89' lang='lat' dir='ltr'>ratione,</span> <span class='ocrx_word' id='word_1_138' title='bbox 396 2050 479 2112; x_wconf 85' lang='lat' dir='ltr'>quae</span> <span class='ocrx_word' id='word_1_139' title='bbox 497 2034 530 2093; x_wconf 90' lang='lat' dir='ltr'>te</span> <span class='ocrx_word' id='word_1_140' title='bbox 553 2028 653 2111; x_wconf 88' lang='lat' dir='ltr'>digna</span> <span class='ocrx_word' id='word_1_141' title='bbox 674 2034 732 2109; x_wconf 91' lang='lat' dir='ltr'>est,</span> <span class='ocrx_word' id='word_1_142' title='bbox 751 2049 827 2093; x_wconf 87' lang='lat' dir='ltr'>vera</span> <span class='ocrx_word' id='word_1_143' title='bbox 845 2049 912 2093; x_wconf 89' lang='lat' dir='ltr'>esse</span> <span class='ocrx_word' id='word_1_144' title='bbox 931 2049 1115 2111; x_wconf 84' lang='lat' dir='ltr'>cognosces.</span> 
     </span>
    </p>
   </div>
   <div class='ocr_carea' id='block_1_4' title="bbox 55 2132 214 2215">
    <p class='ocr_par' dir='ltr' id='par_1_4' title="bbox 55 2132 214 2215">
     <span class='ocr_line' id='line_1_19' title="bbox 55 2132 214 2215; baseline -0.013 -19"><span class='ocrx_word' id='word_1_145' title='bbox 55 2132 117 2198; x_wconf 67' lang='lat' dir='ltr'>tal.</span> <span class='ocrx_word' id='word_1_146' title='bbox 140 2134 214 2215; x_wconf 86' lang='lat' dir='ltr'>Apr.</span> 
     </span>
    </p>
   </div>
   <div class='ocr_carea' id='block_1_5' title="bbox 55 2339 327 2347">
    <p class='ocr_par' dir='ltr' id='par_1_5' title="bbox 55 2339 327 2347">
     <span class='ocr_line' id='line_1_20' title="bbox 55 2339 327 2347; baseline -0.011 0"><span class='ocrx_word' id='word_1_147' title='bbox 55 2339 327 2347; x_wconf 76' lang='lat'>—-———-—</span> 
     </span>
    </p>
   </div>
   <div class='ocr_carea' id='block_1_6' title="bbox 55 2450 1122 4362">
    <p class='ocr_par' dir='ltr' id='par_1_6' title="bbox 55 2450 1122 4362">
     <span class='ocr_line' id='line_1_21' title="bbox 55 2450 1115 2518; baseline -0.002 -15"><span class='ocrx_word' id='word_1_148' title='bbox 55 2454 174 2503; x_wconf 77' lang='lat' dir='ltr'>bonorum</span> <span class='ocrx_word' id='word_1_149' title='bbox 199 2451 324 2501; x_wconf 80' lang='lat' dir='ltr'>vocabalo</span> <span class='ocrx_word' id='word_1_150' title='bbox 347 2450 488 2518; x_wconf 74' lang='lat' dir='ltr'>trahiturus]</span> <span class='ocrx_word' id='word_1_151' title='bbox 531 2452 681 2501; x_wconf 79' lang='lat' dir='ltr'>consulatus</span> <span class='ocrx_word' id='word_1_152' title='bbox 704 2451 774 2501; x_wconf 74' lang='lat' dir='ltr'>omrai</span> <span class='ocrx_word' id='word_1_153' title='bbox 799 2452 892 2518; x_wconf 76' lang='lat' dir='ltr'>officio</span> <span class='ocrx_word' id='word_1_154' title='bbox 911 2451 1007 2501; x_wconf 80' lang='lat' dir='ltr'>tuendo</span> <span class='ocrx_word' id='word_1_155' title='bbox 1033 2452 1115 2501; x_wconf 79' lang='lat' dir='ltr'>maai-</span> 
     </span>
     <span class='ocr_line' id='line_1_22' title="bbox 55 2533 1115 2602; baseline -0.002 -14"><span class='ocrx_word' id='word_1_156' title='bbox 55 2533 315 2602; x_wconf 88' lang='lat' dir='ltr'>rssechenennung</span> <span class='ocrx_word' id='word_1_157' title='bbox 325 2533 371 2587; x_wconf 91' lang='lat' dir='ltr'>des</span> <span class='ocrx_word' id='word_1_158' title='bbox 382 2536 490 2601; x_wconf 87' lang='lat' dir='ltr'>Amtes,</span> <span class='ocrx_word' id='word_1_159' title='bbox 531 2552 626 2600; x_wconf 80' lang='lat' dir='ltr'>meque,</span> <span class='ocrx_word' id='word_1_160' title='bbox 644 2535 673 2586; x_wconf 81' lang='lat' dir='ltr'>id</span> <span class='ocrx_word' id='word_1_161' title='bbox 690 2535 760 2601; x_wconf 82' lang='lat' dir='ltr'>qaod</span> <span class='ocrx_word' id='word_1_162' title='bbox 781 2538 820 2586; x_wconf 81' lang='lat' dir='ltr'>cis</span> <span class='ocrx_word' id='word_1_163' title='bbox 837 2536 947 2588; x_wconf 83' lang='lat' dir='ltr'>nominis</span> <span class='ocrx_word' id='word_1_164' title='bbox 962 2538 1020 2602; x_wconf 82' lang='lat' dir='ltr'>ipsa</span> <span class='ocrx_word' id='word_1_165' title='bbox 1037 2551 1115 2600; x_wconf 82' lang='lat' dir='ltr'>prae·</span> 
     </span>
     <span class='ocr_line' id='line_1_23' title="bbox 68 2617 1114 2687; baseline 0 -17"><span class='ocrx_word' id='word_1_166' title='bbox 68 2617 280 2687; x_wconf 84' lang='lat' dir='ltr'>Auszeichnung</span> <span class='ocrx_word' id='word_1_167' title='bbox 290 2618 340 2670; x_wconf 90' lang='lat' dir='ltr'>der</span> <span class='ocrx_word' id='word_1_168' title='bbox 354 2617 489 2685; x_wconf 84' lang='lat' dir='ltr'>(wahren)</span> <span class='ocrx_word' id='word_1_169' title='bbox 530 2621 625 2686; x_wconf 77' lang='lat' dir='ltr'>scribit,</span> <span class='ocrx_word' id='word_1_170' title='bbox 653 2621 693 2672; x_wconf 78' lang='lat' dir='ltr'>rei</span> <span class='ocrx_word' id='word_1_171' title='bbox 716 2620 834 2684; x_wconf 77' lang='lat' dir='ltr'>publicae</span> <span class='ocrx_word' id='word_1_172' title='bbox 860 2619 1024 2671; x_wconf 78' lang='lat' dir='ltr'>consulendo.</span> <span class='ocrx_word' id='word_1_173' title='bbox 1052 2617 1114 2686; x_wconf 84' lang='lat' dir='ltr'>Vgl.</span> 
     </span>
     <span class='ocr_line' id='line_1_24' title="bbox 55 2699 1116 2770; baseline -0.004 -16"><span class='ocrx_word' id='word_1_174' title='bbox 55 2701 143 2754; x_wconf 76' lang='lat' dir='ltr'>isich</span> <span class='ocrx_word' id='word_1_175' title='bbox 161 2705 269 2769; x_wconf 85' lang='lat' dir='ltr'>trugen.</span> <span class='ocrx_word' id='word_1_176' title='bbox 287 2699 331 2753; x_wconf 91' lang='lat' dir='ltr'>Du</span> <span class='ocrx_word' id='word_1_177' title='bbox 350 2701 427 2753; x_wconf 88' lang='lat' dir='ltr'>wirst</span> <span class='ocrx_word' id='word_1_178' title='bbox 437 2718 491 2753; x_wconf 89' lang='lat' dir='ltr'>nur</span> <span class='ocrx_word' id='word_1_179' title='bbox 531 2703 602 2756; x_wconf 91' lang='lat' dir='ltr'>Phil.</span> <span class='ocrx_word' id='word_1_180' title='bbox 620 2702 679 2769; x_wconf 82' lang='lat' dir='ltr'>vll,</span> <span class='ocrx_word' id='word_1_181' title='bbox 697 2704 727 2756; x_wconf 83' lang='lat'>5:</span> <span class='ocrx_word' id='word_1_182' title='bbox 762 2704 798 2753; x_wconf 81' lang='lat' dir='ltr'>Et</span> <span class='ocrx_word' id='word_1_183' title='bbox 815 2703 917 2770; x_wconf 81' lang='lat' dir='ltr'>quidem</span> <span class='ocrx_word' id='word_1_184' title='bbox 935 2703 1060 2753; x_wconf 80' lang='lat' dir='ltr'>dicontur</span> <span class='ocrx_word' id='word_1_185' title='bbox 1075 2702 1116 2752; x_wconf 78' lang='lat' dir='ltr'>vel</span> 
     </span>
     <span class='ocr_line' id='line_1_25' title="bbox 55 2784 1115 2853; baseline -0.003 -16"><span class='ocrx_word' id='word_1_186' title='bbox 55 2784 197 2849; x_wconf 87' lang='lat' dir='ltr'>lfiihren,</span> <span class='ocrx_word' id='word_1_187' title='bbox 215 2784 281 2837; x_wconf 82' lang='lat' dir='ltr'>aber</span> <span class='ocrx_word' id='word_1_188' title='bbox 299 2784 377 2838; x_wconf 91' lang='lat' dir='ltr'>nicht</span> <span class='ocrx_word' id='word_1_189' title='bbox 403 2784 490 2837; x_wconf 86' lang='lat' dir='ltr'>durch</span> <span class='ocrx_word' id='word_1_190' title='bbox 530 2789 615 2853; x_wconf 78' lang='lat' dir='ltr'>potius</span> <span class='ocrx_word' id='word_1_191' title='bbox 632 2805 658 2840; x_wconf 84' lang='lat' dir='ltr'>se</span> <span class='ocrx_word' id='word_1_192' title='bbox 675 2789 725 2853; x_wconf 79' lang='lat' dir='ltr'>ipsi</span> <span class='ocrx_word' id='word_1_193' title='bbox 745 2788 832 2839; x_wconf 81' lang='lat' dir='ltr'>dicent</span> <span class='ocrx_word' id='word_1_194' title='bbox 857 2787 986 2838; x_wconf 77' lang='lat' dir='ltr'>consulas:</span> <span class='ocrx_word' id='word_1_195' title='bbox 1003 2801 1053 2852; x_wconf 82' lang='lat' dir='ltr'>qao</span> <span class='ocrx_word' id='word_1_196' title='bbox 1070 2801 1115 2835; x_wconf 84' lang='lat' dir='ltr'>no·</span> 
     </span>
     <span class='ocr_line' id='line_1_26' title="bbox 55 2867 1116 2938; baseline -0.004 -17"><span class='ocrx_word' id='word_1_197' title='bbox 55 2867 196 2937; x_wconf 81' lang='lat' dir='ltr'>urdigkeit</span> <span class='ocrx_word' id='word_1_198' title='bbox 224 2868 287 2920; x_wconf 84' lang='lat' dir='ltr'>dem</span> <span class='ocrx_word' id='word_1_199' title='bbox 305 2870 390 2920; x_wconf 82' lang='lat' dir='ltr'>Ambe</span> <span class='ocrx_word' id='word_1_200' title='bbox 416 2867 491 2921; x_wconf 85' lang='lat' dir='ltr'>Ehre</span> <span class='ocrx_word' id='word_1_201' title='bbox 533 2873 600 2922; x_wconf 83' lang='lat' dir='ltr'>mine</span> <span class='ocrx_word' id='word_1_202' title='bbox 618 2872 713 2938; x_wconf 68' lang='lat' dir='ltr'>diptica</span> <span class='ocrx_word' id='word_1_203' title='bbox 730 2879 766 2922; x_wconf 86' lang='lat' dir='ltr'>est</span> <span class='ocrx_word' id='word_1_204' title='bbox 792 2887 879 2934; x_wconf 82' lang='lat' dir='ltr'>nemo,</span> <span class='ocrx_word' id='word_1_205' title='bbox 903 2871 954 2922; x_wconf 81' lang='lat' dir='ltr'>nisi</span> <span class='ocrx_word' id='word_1_206' title='bbox 979 2871 1026 2937; x_wconf 79' lang='lat' dir='ltr'>qui</span> <span class='ocrx_word' id='word_1_207' title='bbox 1049 2869 1116 2918; x_wconf 80' lang='lat' dir='ltr'>tanti</span> 
     </span>
     <span class='ocr_line' id='line_1_27' title="bbox 70 2941 1115 3020; baseline -0.006 -14"><span class='ocrx_word' id='word_1_208' title='bbox 70 2941 145 3006; x_wconf 76' lang='lat' dir='ltr'>Uber</span> <span class='ocrx_word' id='word_1_209' title='bbox 173 2951 216 3005; x_wconf 91' lang='lat' dir='ltr'>die</span> <span class='ocrx_word' id='word_1_210' title='bbox 243 2950 427 3020; x_wconf 82' lang='lat' dir='ltr'>Epanalepsis</span> <span class='ocrx_word' id='word_1_211' title='bbox 451 2969 491 3002; x_wconf 86' lang='lat' dir='ltr'>eos</span> <span class='ocrx_word' id='word_1_212' title='bbox 534 2956 636 3006; x_wconf 75' lang='lat' dir='ltr'>honoris</span> <span class='ocrx_word' id='word_1_213' title='bbox 654 2955 1115 3018; x_wconf 80' lang='lat' dir='ltr'>nomeupotestsustinere.-aucto·</span> 
     </span>
     <span class='ocr_line' id='line_1_28' title="bbox 55 3034 1114 3105; baseline -0.001 -16"><span class='ocrx_word' id='word_1_214' title='bbox 55 3054 77 3104; x_wconf 87' lang='lat' dir='ltr'>p.</span> <span class='ocrx_word' id='word_1_215' title='bbox 95 3039 136 3103; x_wconf 82' lang='lat'>24,</span> <span class='ocrx_word' id='word_1_216' title='bbox 154 3038 178 3090; x_wconf 90' lang='lat'>3.</span> <span class='ocrx_word' id='word_1_217' title='bbox 532 3055 595 3104; x_wconf 82' lang='lat' dir='ltr'>rem,</span> <span class='ocrx_word' id='word_1_218' title='bbox 616 3038 771 3105; x_wconf 80' lang='lat' dir='ltr'>principem,</span> <span class='ocrx_word' id='word_1_219' title='bbox 796 3034 897 3104; x_wconf 83' lang='lat' dir='ltr'>ducem]</span> <span class='ocrx_word' id='word_1_220' title='bbox 914 3052 981 3090; x_wconf 72' lang='lat' dir='ltr'>mon</span> <span class='ocrx_word' id='word_1_221' title='bbox 1000 3034 1114 3088; x_wconf 82' lang='lat' dir='ltr'>beachte</span> 
     </span>
     <span class='ocr_line' id='line_1_29' title="bbox 55 3117 1115 3187; baseline -0.005 -14"><span class='ocrx_word' id='word_1_222' title='bbox 55 3140 69 3173; x_wconf 92' lang='lat' dir='ltr'>o</span> <span class='ocrx_word' id='word_1_223' title='bbox 87 3117 289 3186; x_wconf 55' lang='lat' dir='ltr'>...consulum</span> <span class='ocrx_word' id='word_1_224' title='bbox 309 3138 341 3172; x_wconf 91' lang='lat' dir='ltr'>zu</span> <span class='ocrx_word' id='word_1_225' title='bbox 355 3137 397 3187; x_wconf 93' lang='lat' dir='ltr'>ep.</span> <span class='ocrx_word' id='word_1_226' title='bbox 414 3122 491 3184; x_wconf 61' lang='lat'>822:</span> <span class='ocrx_word' id='word_1_227' title='bbox 534 3121 579 3174; x_wconf 86' lang='lat' dir='ltr'>die</span> <span class='ocrx_word' id='word_1_228' title='bbox 596 3121 760 3174; x_wconf 63' lang='lat' dir='ltr'>mimas-</span> <span class='ocrx_word' id='word_1_229' title='bbox 772 3120 886 3186; x_wconf 61' lang='lat' dir='ltr'>dignitas</span> <span class='ocrx_word' id='word_1_230' title='bbox 903 3120 979 3170; x_wconf 80' lang='lat' dir='ltr'>natta</span> <span class='ocrx_word' id='word_1_231' title='bbox 996 3121 1053 3187; x_wconf 80' lang='lat' dir='ltr'>erit,</span> <span class='ocrx_word' id='word_1_232' title='bbox 1069 3118 1115 3170; x_wconf 79' lang='lat' dir='ltr'>aad</span> 
     </span>
     <span class='ocr_line' id='line_1_30' title="bbox 57 3201 1115 3274; baseline -0.002 -18"><span class='ocrx_word' id='word_1_233' title='bbox 57 3204 251 3271; x_wconf 83' lang='lat' dir='ltr'>pathetischen</span> <span class='ocrx_word' id='word_1_234' title='bbox 270 3203 418 3257; x_wconf 86' lang='lat' dir='ltr'>Ausdruck</span> <span class='ocrx_word' id='word_1_235' title='bbox 436 3205 492 3272; x_wconf 86' lang='lat' dir='ltr'>vgl.</span> <span class='ocrx_word' id='word_1_236' title='bbox 534 3204 644 3274; x_wconf 78' lang='lat' dir='ltr'>erit...]</span> <span class='ocrx_word' id='word_1_237' title='bbox 670 3204 715 3258; x_wconf 85' lang='lat' dir='ltr'>die</span> <span class='ocrx_word' id='word_1_238' title='bbox 741 3203 959 3272; x_wconf 80' lang='lat' dir='ltr'>Wiedsrholung</span> <span class='ocrx_word' id='word_1_239' title='bbox 985 3202 1033 3256; x_wconf 85' lang='lat' dir='ltr'>des</span> <span class='ocrx_word' id='word_1_240' title='bbox 1050 3201 1115 3255; x_wconf 86' lang='lat' dir='ltr'>Ver-</span> 
     </span>
     <span class='ocr_line' id='line_1_31' title="bbox 60 3285 1116 3356; baseline -0.003 -15"><span class='ocrx_word' id='word_1_241' title='bbox 60 3289 105 3341; x_wconf 82' lang='lat' dir='ltr'>tiir</span> <span class='ocrx_word' id='word_1_242' title='bbox 114 3303 213 3341; x_wconf 90' lang='lat' dir='ltr'>unsere</span> <span class='ocrx_word' id='word_1_243' title='bbox 224 3303 313 3355; x_wconf 81' lang='lat' dir='ltr'>ganas</span> <span class='ocrx_word' id='word_1_244' title='bbox 325 3285 411 3341; x_wconf 87' lang='lat' dir='ltr'>Stelle</span> <span class='ocrx_word' id='word_1_245' title='bbox 420 3287 492 3341; x_wconf 85' lang='lat' dir='ltr'>lehr·</span> <span class='ocrx_word' id='word_1_246' title='bbox 535 3291 616 3343; x_wconf 93' lang='lat' dir='ltr'>bums</span> <span class='ocrx_word' id='word_1_247' title='bbox 634 3288 703 3342; x_wconf 90' lang='lat' dir='ltr'>hebt</span> <span class='ocrx_word' id='word_1_248' title='bbox 712 3288 765 3341; x_wconf 85' lang='lat' dir='ltr'>den</span> <span class='ocrx_word' id='word_1_249' title='bbox 775 3286 932 3356; x_wconf 78' lang='lat' dir='ltr'>Gegensatz</span> <span class='ocrx_word' id='word_1_250' title='bbox 942 3285 1116 3340; x_wconf 82' lang='lat' dir='ltr'>nschdriick·</span> 
     </span>
     <span class='ocr_line' id='line_1_32' title="bbox 56 3370 1065 3440; baseline -0.004 -16"><span class='ocrx_word' id='word_1_251' title='bbox 56 3370 112 3425; x_wconf 85' lang='lat' dir='ltr'>rtie</span> <span class='ocrx_word' id='word_1_252' title='bbox 129 3371 159 3423; x_wconf 92' lang='lat' dir='ltr'>in</span> <span class='ocrx_word' id='word_1_253' title='bbox 176 3370 230 3423; x_wconf 92' lang='lat' dir='ltr'>Pis.</span> <span class='ocrx_word' id='word_1_254' title='bbox 248 3373 297 3423; x_wconf 79' lang='lat'>23:</span> <span class='ocrx_word' id='word_1_255' title='bbox 320 3371 393 3422; x_wconf 68' lang='lat' dir='ltr'>ibae</span> <span class='ocrx_word' id='word_1_256' title='bbox 416 3373 491 3423; x_wconf 74' lang='lat' dir='ltr'>etiam</span> <span class='ocrx_word' id='word_1_257' title='bbox 534 3373 590 3426; x_wconf 90' lang='lat' dir='ltr'>lich</span> <span class='ocrx_word' id='word_1_258' title='bbox 600 3373 716 3437; x_wconf 85' lang='lat' dir='ltr'>hervor;</span> <span class='ocrx_word' id='word_1_259' title='bbox 730 3372 786 3440; x_wconf 80' lang='lat' dir='ltr'><strong>vgl.</strong></span> <span class='ocrx_word' id='word_1_260' title='bbox 804 3372 870 3424; x_wconf 79' lang='lat' dir='ltr'>fam.</span> <span class='ocrx_word' id='word_1_261' title='bbox 884 3370 906 3436; x_wconf 90' lang='lat' dir='ltr'>I,</span> <span class='ocrx_word' id='word_1_262' title='bbox 923 3374 945 3437; x_wconf 92' lang='lat' dir='ltr'>l,</span> <span class='ocrx_word' id='word_1_263' title='bbox 960 3375 991 3423; x_wconf 86' lang='lat' dir='ltr'>l:</span> <span class='ocrx_word' id='word_1_264' title='bbox 1008 3370 1065 3437; x_wconf 70' lang='lat' dir='ltr'>Epo</span> 
     </span>
     <span class='ocr_line' id='line_1_33' title="bbox 55 3453 1117 3523; baseline 0 -18"><span class='ocrx_word' id='word_1_265' title='bbox 55 3455 492 3522; x_wconf 73' lang='lat' dir='ltr'>tfcciesconsnlctusauttefuiase</span> <span class='ocrx_word' id='word_1_266' title='bbox 535 3461 624 3510; x_wconf 82' lang='lat' dir='ltr'>ceteris</span> <span class='ocrx_word' id='word_1_267' title='bbox 650 3459 713 3508; x_wconf 83' lang='lat' dir='ltr'>sutis</span> <span class='ocrx_word' id='word_1_268' title='bbox 730 3459 806 3523; x_wconf 80' lang='lat' dir='ltr'>facio</span> <span class='ocrx_word' id='word_1_269' title='bbox 832 3456 959 3519; x_wconf 80' lang='lat' dir='ltr'>omnibus,</span> <span class='ocrx_word' id='word_1_270' title='bbox 983 3453 1046 3504; x_wconf 76' lang='lat' dir='ltr'>miti</span> <span class='ocrx_word' id='word_1_271' title='bbox 1063 3454 1117 3519; x_wconf 82' lang='lat' dir='ltr'>ipse</span> 
     </span>
     <span class='ocr_line' id='line_1_34' title="bbox 55 3536 1116 3607; baseline -0.002 -18"><span class='ocrx_word' id='word_1_272' title='bbox 55 3540 152 3589; x_wconf 77' lang='lat' dir='ltr'>naulum</span> <span class='ocrx_word' id='word_1_273' title='bbox 162 3539 248 3590; x_wconf 74' lang='lat' dir='ltr'>dicere</span> <span class='ocrx_word' id='word_1_274' title='bbox 267 3539 373 3590; x_wconf 83' lang='lat' dir='ltr'>audebis</span> <span class='ocrx_word' id='word_1_275' title='bbox 383 3537 395 3586; x_wconf 66' lang='lat'><strong><em>2</em></strong></span> <span class='ocrx_word' id='word_1_276' title='bbox 406 3539 492 3602; x_wconf 73' lang='lat' dir='ltr'>Quid?</span> <span class='ocrx_word' id='word_1_277' title='bbox 534 3558 675 3607; x_wconf 80' lang='lat' dir='ltr'>numqaum</span> <span class='ocrx_word' id='word_1_278' title='bbox 691 3542 754 3591; x_wconf 78' lang='lat' dir='ltr'>satir</span> <span class='ocrx_word' id='word_1_279' title='bbox 766 3541 843 3605; x_wconf 85' lang='lat' dir='ltr'>facio</span> <span class='ocrx_word' id='word_1_280' title='bbox 854 3558 863 3603; x_wconf 77' lang='lat'>,-</span> <span class='ocrx_word' id='word_1_281' title='bbox 878 3541 940 3592; x_wconf 79' lang='lat' dir='ltr'>Ast.</span> <span class='ocrx_word' id='word_1_282' title='bbox 950 3536 1023 3605; x_wconf 85' lang='lat' dir='ltr'>XIV,</span> <span class='ocrx_word' id='word_1_283' title='bbox 1037 3538 1077 3602; x_wconf 75' lang='lat'>14,</span> <span class='ocrx_word' id='word_1_284' title='bbox 1085 3537 1116 3589; x_wconf 84' lang='lat'>6:</span> 
     </span>
     <span class='ocr_line' id='line_1_35' title="bbox 55 3624 1117 3689; baseline -0.002 -19"><span class='ocrx_word' id='word_1_285' title='bbox 55 3624 134 3673; x_wconf 65' lang='lat' dir='ltr'>vribus</span> <span class='ocrx_word' id='word_1_286' title='bbox 156 3632 179 3673; x_wconf 86' lang='lat' dir='ltr'>ct</span> <span class='ocrx_word' id='word_1_287' title='bbox 199 3631 340 3688; x_wconf 80' lang='lat' dir='ltr'>praetexta</span> <span class='ocrx_word' id='word_1_288' title='bbox 359 3639 412 3673; x_wconf 83' lang='lat' dir='ltr'>esse</span> <span class='ocrx_word' id='word_1_289' title='bbox 434 3640 493 3674; x_wconf 83' lang='lat' dir='ltr'>con·</span> <span class='ocrx_word' id='word_1_290' title='bbox 535 3626 609 3676; x_wconf 84' lang='lat' dir='ltr'>Haec</span> <span class='ocrx_word' id='word_1_291' title='bbox 626 3627 752 3678; x_wconf 84' lang='lat' dir='ltr'>armis...</span> <span class='ocrx_word' id='word_1_292' title='bbox 770 3624 872 3674; x_wconf 80' lang='lat' dir='ltr'>restitui</span> <span class='ocrx_word' id='word_1_293' title='bbox 882 3625 1117 3689; x_wconf 78' lang='lat' dir='ltr'>fortassapossunt,</span> 
     </span>
     <span class='ocr_line' id='line_1_36' title="bbox 55 3702 1117 3775; baseline -0.002 -19"><span class='ocrx_word' id='word_1_294' title='bbox 55 3705 139 3756; x_wconf 70' lang='lat' dir='ltr'>atas?</span> <span class='ocrx_word' id='word_1_295' title='bbox 164 3725 230 3775; x_wconf 76' lang='lat' dir='ltr'>qaue</span> <span class='ocrx_word' id='word_1_296' title='bbox 247 3715 399 3758; x_wconf 80' lang='lat' dir='ltr'>ornamenta</span> <span class='ocrx_word' id='word_1_297' title='bbox 416 3709 492 3757; x_wconf 80' lang='lat' dir='ltr'>etiam</span> <span class='ocrx_word' id='word_1_298' title='bbox 535 3709 686 3760; x_wconf 79' lang='lat' dir='ltr'>auctoritate</span> <span class='ocrx_word' id='word_1_299' title='bbox 721 3725 775 3759; x_wconf 79' lang='lat' dir='ltr'>non</span> <span class='ocrx_word' id='word_1_300' title='bbox 798 3715 906 3772; x_wconf 82' lang='lat' dir='ltr'>possunt</span> <span class='ocrx_word' id='word_1_301' title='bbox 933 3703 1022 3772; x_wconf 89' lang='lat' dir='ltr'>(nicht</span> <span class='ocrx_word' id='word_1_302' title='bbox 1049 3702 1117 3755; x_wconf 80' lang='lat' dir='ltr'>aber</span> 
     </span>
     <span class='ocr_line' id='line_1_37' title="bbox 55 3786 1116 3861; baseline -0.002 -22"><span class='ocrx_word' id='word_1_303' title='bbox 55 3791 133 3842; x_wconf 59' lang='lat' dir='ltr'>lindio</span> <span class='ocrx_word' id='word_1_304' title='bbox 151 3794 207 3859; x_wconf 88' lang='lat' dir='ltr'>(ep.</span> <span class='ocrx_word' id='word_1_305' title='bbox 229 3793 285 3858; x_wconf 83' lang='lat'>115,</span> <span class='ocrx_word' id='word_1_306' title='bbox 302 3790 329 3858; x_wconf 83' lang='lat'>2)</span> <span class='ocrx_word' id='word_1_307' title='bbox 349 3799 372 3841; x_wconf 80' lang='lat' dir='ltr'>ts</span> <span class='ocrx_word' id='word_1_308' title='bbox 390 3791 492 3841; x_wconf 81' lang='lat' dir='ltr'>consule</span> <span class='ocrx_word' id='word_1_309' title='bbox 535 3791 650 3861; x_wconf 79' lang='lat' dir='ltr'>dureb);</span> <span class='ocrx_word' id='word_1_310' title='bbox 668 3792 702 3846; x_wconf 89' lang='lat' dir='ltr'>de</span> <span class='ocrx_word' id='word_1_311' title='bbox 720 3790 768 3845; x_wconf 90' lang='lat' dir='ltr'>fin.</span> <span class='ocrx_word' id='word_1_312' title='bbox 795 3791 841 3859; x_wconf 90' lang='grc' dir='ltr'>ΙΙ,</span> <span class='ocrx_word' id='word_1_313' title='bbox 864 3792 914 3845; x_wconf 77' lang='lat'>68:</span> <span class='ocrx_word' id='word_1_314' title='bbox 944 3798 981 3840; x_wconf 85' lang='lat' dir='ltr'>est</span> <span class='ocrx_word' id='word_1_315' title='bbox 1006 3786 1116 3853; x_wconf 83' lang='lat' dir='ltr'>aliquid,</span> 
     </span>
     <span class='ocr_line' id='line_1_38' title="bbox 81 3868 1117 3943; baseline -0.006 -17"><span class='ocrx_word' id='word_1_316' title='bbox 81 3874 140 3940; x_wconf 79' lang='lat' dir='ltr'>(zur</span> <span class='ocrx_word' id='word_1_317' title='bbox 166 3874 331 3943; x_wconf 79' lang='lat' dir='ltr'>Abbaltung</span> <span class='ocrx_word' id='word_1_318' title='bbox 358 3874 406 3928; x_wconf 89' lang='lat' dir='ltr'>der</span> <span class='ocrx_word' id='word_1_319' title='bbox 434 3875 492 3925; x_wconf 79' lang='lat' dir='ltr'>ludi</span> <span class='ocrx_word' id='word_1_320' title='bbox 534 3876 603 3943; x_wconf 82' lang='lat' dir='ltr'>qaod</span> <span class='ocrx_word' id='word_1_321' title='bbox 620 3877 691 3927; x_wconf 80' lang='lat' dir='ltr'>notis</span> <span class='ocrx_word' id='word_1_322' title='bbox 708 3894 762 3927; x_wconf 80' lang='lat' dir='ltr'>noa</span> <span class='ocrx_word' id='word_1_323' title='bbox 779 3875 945 3941; x_wconf 64' lang='lat' dir='ltr'>liceatliccot</span> <span class='ocrx_word' id='word_1_324' title='bbox 963 3872 1015 3923; x_wconf 80' lang='lat' dir='ltr'>illis</span> <span class='ocrx_word' id='word_1_325' title='bbox 1034 3868 1117 3936; x_wconf 72' lang='lat' dir='ltr'>(wohl</span> 
     </span>
     <span class='ocr_line' id='line_1_39' title="bbox 55 3951 1117 4027; baseline -0.002 -20"><span class='ocrx_word' id='word_1_326' title='bbox 55 3959 85 4023; x_wconf 79' lang='lat' dir='ltr'>ii)</span> <span class='ocrx_word' id='word_1_327' title='bbox 110 3959 220 4024; x_wconf 77' lang='lat' dir='ltr'>coluisti,</span> <span class='ocrx_word' id='word_1_328' title='bbox 237 3960 276 4009; x_wconf 76' lang='lat' dir='ltr'>tis</span> <span class='ocrx_word' id='word_1_329' title='bbox 302 3967 338 4024; x_wconf 82' lang='lat' dir='ltr'>tu,</span> <span class='ocrx_word' id='word_1_330' title='bbox 367 3958 492 4010; x_wconf 71' lang='lat' dir='ltr'>Clodiane</span> <span class='ocrx_word' id='word_1_331' title='bbox 534 3951 1117 4027; x_wconf 62' lang='lat' dir='ltr'>obumbrent-quaem...copnosceo]sls</span> 
     </span>
     <span class='ocr_line' id='line_1_40' title="bbox 55 4036 1118 4114; baseline -0.001 -23"><span class='ocrx_word' id='word_1_332' title='bbox 55 4043 164 4107; x_wconf 71' lang='lat' dir='ltr'>siquibus</span> <span class='ocrx_word' id='word_1_333' title='bbox 181 4043 344 4094; x_wconf 80' lang='lat' dir='ltr'>consulatum</span> <span class='ocrx_word' id='word_1_334' title='bbox 361 4043 494 4093; x_wconf 78' lang='lat' dir='ltr'>declarari</span> <span class='ocrx_word' id='word_1_335' title='bbox 535 4043 769 4114; x_wconf 79' lang='lat' dir='ltr'>Rechtfertigung</span> <span class='ocrx_word' id='word_1_336' title='bbox 778 4039 973 4097; x_wconf 72' lang='lat' dir='ltr'>vonsavertas:</span> <span class='ocrx_word' id='word_1_337' title='bbox 991 4036 1118 4106; x_wconf 78' lang='lat' dir='ltr'>‘erprobe</span> 
     </span>
     <span class='ocr_line' id='line_1_41' title="bbox 55 4123 1120 4181; baseline -0.005 -3"><span class='ocrx_word' id='word_1_338' title='bbox 55 4129 168 4178; x_wconf 76' lang='lat' dir='ltr'>[nimo</span> <span class='ocrx_word' id='word_1_339' title='bbox 201 4127 389 4177; x_wconf 81' lang='lat' dir='ltr'>consulem</span> <span class='ocrx_word' id='word_1_340' title='bbox 415 4143 493 4178; x_wconf 77' lang='lat' dir='ltr'>esse</span> <span class='ocrx_word' id='word_1_341' title='bbox 535 4127 627 4181; x_wconf 86' lang='lat' dir='ltr'>meins</span> <span class='ocrx_word' id='word_1_342' title='bbox 644 4127 763 4181; x_wconf 83' lang='lat' dir='ltr'>Ansicht</span> <span class='ocrx_word' id='word_1_343' title='bbox 781 4126 831 4180; x_wconf 77' lang='lat' dir='ltr'>auf</span> <span class='ocrx_word' id='word_1_344' title='bbox 846 4126 909 4179; x_wconf 86' lang='lat' dir='ltr'>eins</span> <span class='ocrx_word' id='word_1_345' title='bbox 927 4123 1025 4178; x_wconf 88' lang='lat' dir='ltr'>deinsr</span> <span class='ocrx_word' id='word_1_346' title='bbox 1048 4124 1120 4174; x_wconf 87' lang='lat' dir='ltr'>wiir·</span> 
     </span>
     <span class='ocr_line' id='line_1_42' title="bbox 55 4205 1122 4281; baseline -0.002 -19"><span class='ocrx_word' id='word_1_347' title='bbox 55 4221 62 4262; x_wconf 80' lang='lat' dir='ltr'>t</span> <span class='ocrx_word' id='word_1_348' title='bbox 112 4212 233 4279; x_wconf 78' lang='lat' dir='ltr'>consilio,</span> <span class='ocrx_word' id='word_1_349' title='bbox 252 4211 330 4278; x_wconf 79' lang='lat' dir='ltr'>side,</span> <span class='ocrx_word' id='word_1_350' title='bbox 355 4212 494 4279; x_wconf 71' lang='lat' dir='ltr'>pravitate,</span> <span class='ocrx_word' id='word_1_351' title='bbox 536 4210 601 4281; x_wconf 81' lang='lat' dir='ltr'>dige</span> <span class='ocrx_word' id='word_1_352' title='bbox 625 4209 734 4278; x_wconf 73' lang='lat' dir='ltr'>Weiss,</span> <span class='ocrx_word' id='word_1_353' title='bbox 759 4227 789 4265; x_wconf 80' lang='lat' dir='ltr'>so</span> <span class='ocrx_word' id='word_1_354' title='bbox 816 4210 885 4264; x_wconf 85' lang='lat' dir='ltr'>wird</span> <span class='ocrx_word' id='word_1_355' title='bbox 912 4210 951 4263; x_wconf 78' lang='lat' dir='ltr'>sie</span> <span class='ocrx_word' id='word_1_356' title='bbox 977 4207 1021 4262; x_wconf 83' lang='lat' dir='ltr'>dir</span> <span class='ocrx_word' id='word_1_357' title='bbox 1047 4205 1122 4261; x_wconf 75' lang='lat' dir='ltr'>auch</span> 
     </span>
     <span class='ocr_line' id='line_1_43' title="bbox 74 4293 815 4362; baseline 0 -15"><span class='ocrx_word' id='word_1_358' title='bbox 74 4314 146 4360; x_wconf 80' lang='lat' dir='ltr'>cara,</span> <span class='ocrx_word' id='word_1_359' title='bbox 174 4305 222 4347; x_wconf 81' lang='lat' dir='ltr'>toto</span> <span class='ocrx_word' id='word_1_360' title='bbox 253 4296 363 4362; x_wconf 50' lang='lat' dir='ltr'>deabus</span> <span class='ocrx_word' id='word_1_361' title='bbox 386 4311 493 4347; x_wconf 80' lang='lat' dir='ltr'>munere</span> <span class='ocrx_word' id='word_1_362' title='bbox 538 4294 617 4348; x_wconf 83' lang='lat' dir='ltr'>wahr</span> <span class='ocrx_word' id='word_1_363' title='bbox 634 4293 815 4350; x_wconf 76' lang='lat' dir='ltr'>erscheinen&#39;,</span> 
     </span>
    </p>
   </div>
   <div class='ocr_carea' id='block_1_7' title="bbox 0 0 1307 4890">
    <p class='ocr_par' dir='ltr' id='par_1_7' title="bbox 0 0 1307 4890">
     <span class='ocr_line' id='line_1_44' title="bbox 0 0 1307 4890; baseline 0 0"><span class='ocrx_word' id='word_1_364' title='bbox 0 0 1307 4890; x_wconf 95' lang='lat' dir='ltr'> </span> 
     </span>
    </p>
   </div>
  </div>
 </body>
</html>
