2602 4890
56 193 67 263 ]
444 194 489 249 Ad
505 195 570 251 iam.
588 196 610 260 Ι,
627 197 651 249 9.
987 160 990 173 Ι
1088 201 1145 265 179

55 361 102 425 riis
125 365 261 426 ornatus
283 361 316 424 in
338 367 370 426 te
391 362 594 445 potissimum
614 363 752 428 fractam
774 362 864 429 illam
886 371 919 429 et
941 364 1144 433 debilitatam

55 481 115 525 iam
133 461 280 541 eontulit,
299 467 444 528 nostram
462 463 562 527 vinem
579 462 668 528 ultus
685 469 735 529 eet
751 463 819 548 ipse
835 483 918 545 sese;
941 487 980 532 ea
997 472 1046 532 eet
1062 467 1147 533 enim

55 581 93 640 rs,
125 561 244 644 quibus
274 562 443 646 patefactis
473 561 598 627 nullam
627 562 690 628 sibi
720 563 754 627 in
775 570 942 647 posterum
964 585 1030 631 non
1051 565 1147 632 modo

55 662 123 742 itis,
157 661 212 727 aed
241 682 281 727 ne
312 663 474 728 libertatis
504 663 636 747 quidem
662 669 788 748 partem
804 664 944 749 reliquit
977 665 1022 731 'le
1040 674 1189 736 autema

55 761 163 826 sallem
185 762 219 826 in
241 763 318 828 meis
340 763 437 829 rebus
458 769 627 848 expertum
648 784 747 847 qnam
769 765 866 830 etiam
889 765 922 829 in
942 766 1017 846 tuis,
1041 773 1148 834 tamen

55 864 139 926 ‚estia
154 862 280 945 gaudeo
303 884 374 928 eam
394 863 487 928 fidem
511 883 664 946 cognosse
686 864 853 929 hominum
875 886 939 931 non
961 865 1008 931 ita
1029 887 1149 950 magna

55 963 95 1041 le,
112 983 211 1045 quam
228 982 287 1045 ego
305 963 446 1028 maximo
463 963 574 1030 dolore
591 983 773 1045 cognoram.
796 963 844 1028 De
857 985 924 1048 qua
936 967 1065 1033 ratione
1077 972 1149 1034 tota

57 1063 153 1128 detur
170 1063 249 1127 mihi
267 1062 447 1145 exponendi
465 1068 591 1146 tempus
608 1062 686 1141 dari,
712 1069 750 1129 ut
768 1064 829 1130 tibi
846 1066 1020 1133 rescribam
1036 1067 1078 1133 ad
1100 1088 1149 1148 ea,

55 1163 183 1248 luaeris.

55 1264 203 1328 ertiorem
224 1270 257 1329 te
275 1283 332 1347 per
349 1262 477 1329 litteras
494 1263 608 1329 seribis
625 1283 693 1329 esse
710 1263 833 1329 factum
850 1285 900 1329 me
918 1285 992 1330 enm
1010 1265 1149 1333 Caesare
1174 1285 1192 1337 4

55 1385 66 1427 1
82 1364 188 1447 Appio
206 1384 273 1429 esse
291 1365 325 1429 in
343 1364 460 1447 gratia,
484 1373 580 1448 teque
597 1363 632 1428 id
648 1384 712 1429 non
728 1364 962 1446 reprehendere
979 1365 1151 1448 adscribis3

56 1485 109 1528 um
131 1470 240 1529 antem
261 1465 341 1530 scire
362 1464 493 1531 terelle
511 1464 652 1532 ostendis
669 1464 788 1547 quibua
805 1464 903 1529 rebus
922 1464 1079 1531 adductus
1097 1465 1151 1534 de·

55 1566 98 1628 im
117 1570 150 1629 et
166 1563 335 1631 laudarim
362 1565 456 1643 Quod
473 1565 535 1631 tibi
552 1571 591 1629 ut
607 1565 735 1648 planius
751 1585 919 1648 exponam,
938 1565 1037 1632 altius
1053 1568 1151 1650 paulo

55 1687 101 1730 em
124 1666 330 1732 consiliorum
354 1686 498 1732 meorum
520 1673 666 1751 repetam
687 1686 814 1733 neeesse
835 1673 892 1732 est.

58 1788 98 1849 go
120 1786 178 1842 me,
210 1766 356 1847 Lentule,
385 1767 479 1833 initio
501 1788 609 1834 rerum
630 1772 729 1850 atque
750 1768 912 1834 actionum
933 1774 1064 1834 tuarum
1086 1790 1150 1836 non

71 1867 158 1946 meis
183 1867 237 1931 sed
259 1868 357 1932 etiam
379 1867 426 1932 rei
447 1867 595 1951 publicae
613 1868 799 1934 restitutum
817 1868 984 1951 putabam,
1007 1873 1049 1950 et,
1072 1890 1151 1953 quo·

63 1968 124 2033 tibi
154 1968 374 2034 incredibilem
404 1968 565 2053 quendam
587 1990 729 2035 amorem
752 1976 784 2035 et
806 1969 915 2036 omnia
935 1971 969 2033 in
991 1974 1024 2034 te
1045 1972 1151 2054 ipsum

55 2090 72 2132 a
94 2089 132 2133 ao
153 2069 331 2151 singularia
350 2069 460 2135 studia
476 2069 633 2149 deberem,
655 2069 876 2152 reipublicae,
900 2089 984 2153 qnae
1002 2075 1034 2135 te
1051 2071 1084 2134 in
1102 2092 1152 2137 me

55 2168 145 2233 rende
164 2169 303 2233 multum
323 2169 507 2249 adiuvisset,
525 2190 597 2236 eum
611 2176 697 2235 certe
712 2190 762 2235 me
778 2169 919 2234 animum
927 2170 1153 2254 meritoipsins

55 2290 62 2332 r
93 2269 300 2348 arbitrabar,
333 2291 428 2353 quem
459 2277 557 2336 antea
586 2276 716 2336 tantum
746 2271 841 2337 modo
863 2270 1024 2337 communi
1047 2272 1152 2341 officio

55 2394 79 2448 ι,
110 2392 173 2435 non
197 2369 306 2454 aliquo
329 2391 406 2454 erga
427 2391 477 2435 me
499 2371 656 2454 singulari
677 2371 829 2438 beneficio
850 2371 995 2438 debitum
1015 2373 1152 2456 praesti·

57 2523 64 2537 .
102 2469 172 2534 Hae
193 2490 244 2534 me
264 2475 370 2535 mente
388 2470 487 2536 fuisse
503 2477 535 2537 et
553 2477 683 2537 senatus
700 2490 739 2537 ex
756 2493 808 2538 me
824 2477 856 2538 te
874 2474 1002 2539 consule
1029 2474 1153 2540 audivit

61 2570 94 2634 in
115 2570 234 2635 nostris
256 2571 457 2638 sermonibus
478 2572 811 2656 collocutionibusqne
832 2573 901 2656 ipse
922 2573 1038 2640 vidisti.
1079 2574 1152 2659 Etsi
1177 2595 1194 2648 5

56 2839 87 2890 ht
100 2838 127 2891 C.
137 2837 215 2903 Cato,
233 2837 302 2891 iiber
319 2839 373 2892 den
391 2857 424 2892 zu
434 2855 476 2907 ep.
488 2839 529 2906 23,
572 2840 648 2894 dann
665 2839 695 2892 in
713 2838 763 2894 der
781 2841 965 2908 iigyptieehen
980 2841 1154 2911 Angelegen·

55 2924 88 2985 4,
114 2921 197 2974 eowie
222 2921 291 2975 iiber
317 2923 412 2976 seinen
440 2939 531 2992 gegen
574 2924 633 2978 heit
650 2923 1153 2980 soechnddevonihrnbebandeltzn

55 3023 83 3058 ne
101 3004 274 3072 geriohteten
289 3007 400 3074 Antrag
410 3006 483 3059 Einl.
497 3024 531 3059 an
573 3008 715 3075 werdenl),
732 3007 795 3060 dem
816 3005 902 3061 dureh
917 3007 963 3061 die
971 3007 1153 3078 Verbindung

84 3087 202 3141 Worauf
215 3091 266 3141 teria
278 3092 397 3142 maximis
405 3091 531 3156 benefieiis
574 3091 626 3144 mit
635 3091 721 3145 cesar
729 3090 774 3144 die
784 3089 883 3145 thde
896 3091 1040 3160 gebunden
1051 3109 1153 3148 waren.

57 3172 96 3224 iet
122 3170 295 3225 unbekannt.
337 3172 398 3226 Den
423 3174 447 3227 ὅ.
473 3173 531 3227 Juli
572 3201 606 3212 -
623 3171 757 3240 libertatis]
776 3173 831 3227 den
852 3173 1013 3230 Triumvirn
1031 3175 1154 3230 odertlii·

71 3271 168 3322 wegen
185 3257 293 3307 ambros
309 3256 531 3325 freigeeproeben
574 3274 620 3312 sar
636 3257 802 3327 gegeniiber.

55 3337 530 3408 13dieekannelsoniohtgerneint
606 3341 631 3394 3.
656 3343 685 3393 ta
710 3338 834 3408 moteetia]
860 3341 952 3395 ‘trotz’
977 3340 1079 3397 meinee
1105 3342 1154 3398 Be·

55 3439 80 3474 er
92 3420 371 3476 absiehtliohdunlrel
381 3422 530 3492 gehaltene
573 3425 701 3479 dauerne.
712 3442 808 3477 -non
819 3426 857 3477 ita
869 3443 965 3493 magno
982 3424 1102 3494 meede]
1115 3425 1152 3481 dn

55 3505 94 3558 rok
117 3524 147 3558 ea
164 3516 199 3559 est
216 3508 284 3559 enim
301 3515 406 3559 matus
423 3506 461 3559 iet
478 3523 530 3560 uns
572 3509 629 3562 bist
644 3507 795 3563 leiehtaren
805 3507 906 3562 Kantes
915 3508 1151 3577 weggekommen:

55 3589 125 3641 nehr
142 3590 340 3643 verst'dndlieh.
361 3588 429 3643 Was
439 3590 530 3644 Gieero
573 3593 628 3661 vgl.
638 3593 680 3658 26,
696 3593 729 3644 8:
746 3593 855 3644 maritum
867 3593 978 3657 intereo,
994 3603 1081 3645 atrum
1094 3596 1153 3646 lana

56 3691 84 3724 m
102 3673 160 3726 Jnli
183 3673 229 3726 des
247 3673 346 3727 labree
365 3689 400 3727 an
419 3673 530 3727 Atticus
572 3678 745 3728 imminuatur
770 3693 808 3727 eo
832 3677 902 3728 ratur
928 3677 1069 3730 ἀεεεναιιιν.
1108 3679 1153 3730 An

55 3761 102 3809 ato
122 3756 303 3824 gesohrieben
320 3755 378 3823 (IV,
396 3760 435 3818 16,
453 3756 530 3825 5):ie
573 3758 749 3827 Beeteohung
773 3758 823 3812 der
840 3757 991 3812 Senatoren
1016 3759 1053 3813 ist
1075 3760 1153 3814 nieht

55 3849 75 3892 rt
92 3857 188 3892 meeum
205 3849 230 3891 et
246 3843 410 3894 comissione
426 3843 456 3893 ire
470 3859 530 3908 yra-
572 3861 606 3897 zu
624 3842 742 3896 denken.

57 3925 121 3989 ellit,
147 3921 185 3974 iet
206 3923 347 3977 natiirlieh
364 3939 401 3977 an
419 3940 531 3978 uneerer
605 3929 630 3980 4.
647 3945 705 3980 rum
722 3925 816 3994 Appio]
835 3944 869 3979 zu
886 3943 929 3993 ep.
946 3927 995 3992 443
1017 3925 1084 3981 iiber
1101 3927 1154 3981 Va·

57 4005 251 4074 ereehwiegen.
262 4004 407 4062 Vielleioht
416 4007 454 4062 ist
464 4009 530 4063 aber
572 4009 659 4065 tinius
677 4025 697 4062 e.
715 4013 804 4063 unten
821 4008 887 4075 §ra
903 4037 931 4048 -
942 4012 1020 4063 attiae
1033 4051 1039 4064 .
1050 4050 1057 4063 .
1067 4051 1073 4064 .
1083 4029 1154 4080 repe·

55 4089 180 4143 riemand
206 4088 307 4144 andere
325 4093 365 4145 als
382 4092 530 4160 Pompejne
572 4091 637 4161 tam]
655 4093 760 4146 ‘weiter
777 4091 926 4157 ansbolen',
944 4094 1154 4148 um...dnr2n·

55 4172 530 4246 rt(Tyrrell),deeeenperfidiegegen
572 4177 1014 4231 atellen—rationemeonailiorum
1022 4177 1153 4247 meorum}

70 4256 114 4310 die
139 4255 305 4324 Optimeten
331 4260 383 4313 mit
400 4260 530 4329 Bebagen
571 4258 725 4329 ‘denGang
739 4259 846 4314 meiner
859 4259 979 4314 Politik’.
1014 4259 1083 4330 Nbg.
1093 4260 1154 4315 Stil.

55 4344 114 4394 rten
132 4340 186 4408 (ep.
202 4343 244 4407 23,
261 4340 296 4407 3),
314 4341 376 4396 dem
393 4343 529 4398 Lentulus
571 4345 612 4398 63.
629 4371 663 4382 -
679 4343 949 4413 renatae...audiait]
969 4361 1055 4412 zuep.
1072 4347 1114 4412 21,
1128 4346 1153 4398 li.

55 4440 149 4477 ecura
166 4426 446 4481 annoaeevereebafft
465 4426 530 4497 (vgl.
571 4432 609 4467 -’
630 4424 842 4495 roborationibus]
871 4427 910 4480 im
941 4427 1094 4496 degeniatz
1120 4447 1153 4482 au

55 4510 100 4571 ‚1‚
117 4510 148 4561 3:
172 4511 240 4577 qaod
265 4527 324 4562 eum
347 4513 453 4577 morti,
482 4527 529 4565 arn
571 4511 727 4565 ammonitae
744 4510 824 4567 mehr
839 4510 1172 4569 universarum-'mu-

922 4599 968 4655 12,
