2602 4890
87 222 146 286 196
571 217 616 271 Ae
632 217 698 272 nm.
715 216 738 283 1,
754 218 779 269 e.
1178 216 1206 284 {r

83 406 188 469 neque
206 384 256 451 ita
268 383 399 462 multae,
413 402 454 448 ne
467 381 683 466 pertimescas.
712 380 831 467 Scripsi
844 381 943 447 etiam
955 415 998 433 ·-
1010 403 1089 449 narn
1103 384 1206 451 enimi

86 486 286 555 orationibus
307 483 440 567 diiungo
461 483 528 549 fere
549 482 720 566 referoque
741 481 783 549 ad
809 482 1047 551 mansuetiores
1064 483 1189 567 Musas,

84 607 134 652 me
155 587 293 657 maxime
313 586 398 651 sicut
417 585 483 651 iam
504 605 527 655 a
545 585 652 669 prima
672 582 891 653 adulescentia
907 583 1112 652 delectarunt
1131 609 1206 653 -s

15 730 22 741 ·
84 689 185 772 igitur
202 687 392 757 Aristotelio
408 706 508 768 more,
529 684 835 770 quemadmodum
854 685 983 769 quidem
1000 686 1100 767 volni,
1118 688 1180 754 tris
1199 688 1206 753 l

83 789 118 853 in
148 789 366 873 disputatione
397 807 435 854 ae
464 786 595 869 dialogo
629 785 686 851 ›de
708 789 867 864 oratorm,
888 805 969 869 quos
991 787 1138 856 arbitror
1161 788 1205 855 Le

83 896 141 957 tuo
170 889 240 957 fore
264 909 329 954 non
350 887 494 966 inutilis3
524 885 704 953 abhorrent
724 886 806 951 enim
829 906 850 955 a
871 887 1095 953 communibus
1115 910 1206 973 prae<

85 993 182 1072 atque
204 1007 330 1054 ornnem
352 987 561 1070 antiquorum
582 992 616 1052 et
636 985 861 1055 Aristoteliam
879 993 913 1053 et
928 986 1121 1055 Isocratiam
1139 992 1206 1055 rati

84 1087 261 1155 oratoriam
293 1087 558 1170 complectuntur.
608 1087 728 1171 Scripsi
757 1087 856 1154 etiam
885 1087 1030 1154 versibus
1051 1089 1114 1155 tris
1135 1090 1206 1157 libr<

82 1188 284 1272 temporibus
304 1189 393 1269 meis,
415 1208 499 1273 quos
518 1188 584 1255 iam
605 1188 728 1273 pridem
750 1188 792 1257 ad
813 1194 846 1255 te
867 1190 1034 1271 misissem,
1060 1191 1179 1261 siesse
1200 1217 1206 1257 r

83 1289 140 1355 dos
161 1295 325 1372 putassem
346 1328 388 1339 -
410 1292 487 1355 sunt
510 1288 595 1354 enim
611 1295 711 1359 testes
730 1294 764 1354 et
785 1295 881 1357 erunt
899 1290 1087 1374 sempiterni
1104 1295 1206 1360 merit

84 1409 161 1473 erga
190 1410 241 1458 me
272 1395 405 1457 tuorum
434 1410 588 1473 meaeque
616 1389 749 1473 pietatis
776 1409 834 1454 -ε
871 1390 927 1456 sed
958 1391 1036 1474 quia
1064 1394 1202 1461 verebar

84 1511 148 1568 eos,
180 1491 238 1574 qui
267 1512 300 1557 se
320 1491 425 1558 laesos
444 1491 684 1561 arbitrarentur
704 1526 748 1541 -
768 1491 886 1561 etenim
907 1490 941 1557 id
962 1492 1023 1559 feei
1043 1514 1142 1577 parce
1163 1503 1194 1561 et

85 1805 116 1814 -
135 1795 168 1828 me
179 1776 356 1844 pertimerem]
383 1777 420 1829 ist
437 1775 596 1830 Nebensatz
613 1775 666 1831 wie
707 1775 859 1845 iirterung:
877 1793 934 1847 sog.
953 1780 982 1834 ἓν
999 1777 1046 1832 deri
1066 1783 1164 1846 δυοῖν),
1173 1780 1206 1832 wi

84 1860 129 1914 die
155 1859 346 1914 Redensarten
372 1877 405 1911 rre
431 1877 542 1927 quaeras
570 1858 624 1927 (ep.
641 1861 666 1926 8,
707 1862 767 1914 ent.
787 1861 851 1913 197:
876 1879 930 1913 mom
955 1863 996 1914 iiii
1012 1863 1042 1915 im
1058 1864 1151 1916 iideiiir
1167 1867 1206 1916 iun

83 1945 116 2011 23
133 1943 189 2012 rgl.
208 1942 273 1997 Hor.
282 1943 363 2011 epist.
371 1944 394 2006 1,
405 1947 427 2010 1,
438 1946 485 1997 13:
503 1961 534 1993 oc
549 1960 582 1994 ue
592 1944 666 2009 forte
706 1961 765 1997 uem
774 1945 902 1997 decretam
911 1947 1036 1999 miserum
1047 1945 1097 2012 (in
1108 1947 1206 2000 schrift?

82 2025 226 2094 reyes...),
243 2044 275 2078 me
290 2036 365 2092 putes
382 2027 486 2094 (Astl,
504 2028 543 2092 13,
561 2026 587 2094 3)
608 2026 665 2080 und
706 2027 827 2096 Form')r
852 2028 925 2097 Neg.
942 2027 982 2081 St.
999 2031 1040 2095 52,
1058 2033 1082 2083 2.
1100 2059 1135 2067 —
1159 2033 1206 2083 adiu

83 2127 117 2161 ne
142 2112 235 2162 mirere
262 2109 308 2177 (ad
334 2109 609 2179 Q.fr.111,1,1e).
632 2138 666 2149 -
707 2110 839 2180 euim...]
858 2111 907 2167 des
925 2111 1012 2166 Werlr
1029 2113 1109 2180 giebt
1137 2114 1206 2169 nicht

83 2211 144 2244 ram
154 2195 269 2244 animum
287 2195 318 2243 ab
335 2193 412 2263 orat]
429 2212 459 2251 so
476 2193 603 2251 Sohmaln
619 2193 665 2249 fiir
707 2195 839 2253 troelsene
856 2194 1150 2266 Zusammenstellung
1167 2197 1206 2252 der

87 2276 137 2330 das
172 2276 349 2331 iiberlieferte
380 2296 441 2328 omn
468 2281 543 2330 eiiam
569 2280 601 2330 ab
627 2296 665 2333 or.
708 2276 896 2334 lsiimmliohen
914 2278 1038 2334 Technik
1052 2280 1206 2346 (eommunia

84 2358 146 2429 Vgl.
165 2358 198 2414 de
212 2375 250 2413 or.
269 2359 290 2426 1,
307 2361 330 2427 1,
348 2364 370 2414 1.
380 2390 413 2399 —
430 2364 466 2412 ud
483 2363 666 2414 mansuetiores
707 2361 800 2429 cepta),
817 2363 938 2417 sondern
948 2364 1008 2416 eine
1021 2363 1206 2417 umfessende

84 2441 187 2511 summ]
222 2443 271 2497 das
306 2443 452 2512 Gegenteil
491 2450 585 2499 orator
621 2447 664 2499 12:
707 2444 748 2497 rie
766 2443 914 2513 (rationem)
931 2445 1206 2501 derBeredsamkeit.

84 2528 266 2594 oprmtiorihue
299 2528 383 2578 Moris
418 2527 474 2595 (die
505 2528 667 2596 praktische
707 2528 818 2582 stoteles
845 2529 903 2583 und
920 2529 1059 2585 Isokrstes
1084 2532 1194 2585 werden

84 2609 249 2680 Th'a'tigkeit
267 2610 315 2665 suf
331 2610 394 2664 dem
411 2609 541 2678 Forum);
557 2611 666 2665 zurBe·
707 2611 769 2663 Ast.
787 2609 821 2677 ΙΙ,
842 2614 864 2675 1,
884 2615 896 2664 l
915 2615 1206 2685 zusammengestellt.=

85 2694 209 2763 deutung
226 2710 280 2749 ron
298 2694 392 2747 Musae
410 2695 465 2764 rgl.
483 2694 562 2749 Tnso.
581 2693 665 2761 V,66:
706 2697 859 2761 temporibus
875 2695 946 2764 meir]
965 2696 1034 2751 iiber
1051 2699 1145 2753 meins
1162 2699 1206 2753 Lei

83 2782 141 2844 quis
159 2787 194 2829 esi
210 2780 333 2844 ommium,
348 2780 394 2845 qui
409 2779 483 2830 modo
502 2795 559 2829 oum
573 2777 666 2840 Maesia,
707 2776 771 2842 seit,
787 2776 837 2831 des
855 2778 926 2833 Jahr
942 2781 983 2835 58.
1017 2780 1108 2836 Sehon
1135 2781 1204 2836 nach

83 2862 112 2912 id
129 2870 165 2914 eet
183 2879 240 2913 cum
257 2862 416 2914 immanitate
434 2861 666 2927 ercammarum,
708 2858 851 2915 Wortlsut
877 2879 992 2917 unserer
1017 2863 1106 2918 Stelle
1131 2882 1206 2918 mnes

83 2946 175 2997 tabeat
191 2945 298 3011 aliquod
315 2948 497 3011 commercium,
515 2946 560 3012 qm·
576 2961 665 2996 remon
708 2943 827 2998 Gedioht
853 2945 1034 3001 verschieden
1060 2947 1122 3001 sein
1148 2965 1200 3003 von

83 3029 152 3080 tuuc
168 3029 375 3081 mathematicum
393 3027 595 3097 (Archimedes)
612 3046 664 3079 mo-
709 3043 758 3080 aus
783 3026 847 3081 dem
873 3028 898 3082 J.
917 3030 950 3082 60
975 3031 1170 3086 stammenden
1197 3050 1206 3084 r

83 3112 112 3161 lit
139 3128 216 3177 quom
244 3112 318 3162 ilium
346 3120 488 3180 tyrannum
519 3110 664 3180 (Dionys)‘?
707 3112 749 3178 24,
765 3113 782 3164 8
799 3110 964 3166 erwihnten
980 3113 1050 3167 iiber
1066 3114 1127 3168 sein
1144 3116 1204 3168 Kon

83 3222 116 3230 -
140 3211 207 3260 quae
232 3212 272 3246 me
296 3198 407 3247 morime
493 3193 663 3262 deiectorum]
707 3194 741 3248 In
754 3195 858 3248 diesem
867 3194 1001 3250 letzteren
1014 3197 1206 3252 standwshrsr

82 3276 310 3346 brachylogisohe
337 3279 538 3349 Vermisohung
566 3280 663 3333 zweier
707 3278 764 3333 lioh
791 3277 840 3332 der
865 3278 1053 3334 rielberufene
1079 3280 1165 3337 Vere:
1194 3283 1206 3333 t

82 3359 323 3415 Konstruktionen
340 3363 397 3416 fiir:
422 3380 489 3430 quoe
513 3380 553 3415 me
569 3381 603 3417 m.
621 3363 663 3415 de·
707 3364 1006 3430 mmutopoe,oomcedat
1020 3365 1118 3418 laurea
1132 3367 1205 3418 laudi

83 3445 178 3495 iectomt
194 3447 260 3495 sicut
274 3446 504 3498 ...delectorumtr
522 3447 562 3500 im
579 3447 665 3500 Brief·
707 3447 832 3513 linquae),
849 3447 903 3500 den
920 3446 1013 3500 cicero
1039 3447 1128 3502 selbst
1153 3449 1206 3503 in]

82 3527 130 3581 stil
148 3527 286 3582 durchaus
303 3527 551 3585 nichtauffallend.
563 3531 664 3582 —Ari-
707 3530 740 3584 73
758 3528 820 3582 dem
840 3529 904 3583 Piso
921 3529 951 3582 in
969 3545 999 3583 so
1016 3529 1206 3587 drastischer¹

82 3611 178 3662 stoteiio
196 3610 274 3679 mom]
292 3610 361 3680 geht
378 3611 457 3665 nieht
470 3613 571 3667 auidis
580 3613 664 3669 Form
707 3612 967 3679 rorinterpretiert3
981 3613 1037 3683 vgl.
1049 3613 1121 3669 Phil.
1129 3616 1165 3682 11,
1174 3618 1206 3670 20

83 3693 131 3747 der
149 3692 399 3762 montanensem
417 3696 466 3749 anf
481 3697 525 3750 die
537 3697 664 3753 Tendens
708 3695 771 3750 dem
789 3697 904 3751 zweiten
922 3696 1006 3760 (wohl
1024 3697 1070 3750 nie
1085 3697 1206 3753 verdffen

83 3778 242 3834 derselben:
260 3779 323 3833 dass
342 3781 404 3833 eine
421 3780 588 3850 griindliohe
604 3781 665 3835 wis·
708 3778 766 3843 ten}
793 3779 927 3835 Gediohte
960 3779 999 3833 ist
1026 3779 1122 3835 niehts
1150 3783 1206 3836 erhr

83 3862 665 3931 sensehaftliohe‚namentliehphilosophi·
708 3863 777 3917 dooh
794 3879 816 3916 s.
833 3863 869 3916 ad
887 3861 919 3929 Q.
936 3861 971 3915 fr.
989 3861 1036 3930 111,
1055 3866 1078 3928 1,
1088 3864 1134 3918 24:
1155 3869 1206 3918 mir

84 3944 147 3998 sohe
173 3945 295 4015 Bildung
321 3945 385 4001 dem
416 3946 527 4000 wahren
554 3945 666 4001 Redner
708 3948 839 4000 embolium
857 3949 935 4014 cupito
957 3948 986 3999 im
1010 3949 1153 4000 amandum
1179 3967 1206 3999 m

83 4027 163 4097 niitig
190 4029 236 4083 sei.
272 4028 298 4083 S.
323 4046 419 4084 ausser
444 4029 533 4085 rielen
559 4030 666 4084 andern
708 4031 832 4082 librorum
849 4031 989 4096 includere,
1002 4030 1127 4084 dmentem
1144 4032 1206 4099 Apri

83 4109 187 4165 Steilen
214 4112 364 4167 besonders
389 4112 423 4166 ds
440 4129 479 4167 or.
505 4112 556 4181 111,
578 4113 612 4168 79
629 4112 665 4178 ff.‚
707 4113 987 4180 incimmemmaum,
1012 4115 1099 4181 quotie
1115 4116 1206 4168 redum

84 4196 131 4247 141
149 4194 186 4261 ΙΙ,
203 4212 245 4249 wo
272 4196 341 4250 aueh
369 4196 417 4251 des
434 4196 601 4251 Aristoteles
619 4195 666 4251 Ri-
708 4215 769 4248 rum
785 4198 974 4263 imperatorum
999 4198 1060 4265 (der
1085 4197 1206 4253 Konsuln

82 4277 184 4331 relitiit
201 4281 255 4332 mit
281 4280 420 4335 Isokrates
447 4280 533 4350 (parer
549 4284 665 4349 ediquem·
706 4278 751 4347 58)
762 4282 878 4346 futurus
896 4291 964 4346 erret,
989 4300 1102 4349 quorum
1126 4284 1206 4335 uitem

83 4363 133 4414 rior
149 4360 185 4429 ΙΙ,
205 4361 246 4430 10)
264 4363 392 4417 erw'dhnt
408 4363 454 4417 ist.
471 4392 505 4402 -
530 4367 559 4417 im
576 4366 665 4432 dirpu
708 4364 845 4417 exercitum
859 4364 1022 4431 perdidisset,
1050 4367 1120 4418 aiter
1135 4364 1206 4432 (Gabi

81 4447 176 4499 rotinere
192 4464 223 4500 oe
239 4445 349 4516 diolopo]
367 4446 405 4501 ‘in
427 4446 665 4516 Gespriiohsform'
706 4447 865 4501 uendidisset.
908 4444 970 4501 Von
996 4447 1106 4503 Cioeros
1131 4446 1206 4517 poeti

70 4527 135 4592 (erim
165 4530 201 4585 ‘in
230 4531 283 4589 der
299 4530 385 4589 Form
412 4531 600 4605 dialogisoher
615 4529 669 4586 Er·
713 4528 847 4584 Arneitsn
860 4529 961 4583 urteiit
973 4528 1131 4596 Quintilian
1147 4530 1206 4599 (Issi
