2602 4890
117 195 157 257 60
607 190 652 244 Ad
668 190 734 244 fam.
751 189 784 256 V,
801 193 826 244 2.
1216 188 1223 258 Ι

116 365 183 437 tua,
215 364 247 422 et
277 377 350 422 cum
379 362 488 421 vestra
518 377 629 421 sorore
658 355 776 435 Mucia,
806 356 896 420 cuius
918 375 997 437 erga
1019 377 1069 421 me
1091 355 1223 421 studiun

117 457 174 524 Cn.
196 457 338 539 Pompeii
359 455 593 521 necessitudine
613 455 725 521 multis
746 456 780 519 in
802 455 897 520 rebus
928 476 1165 539 perspexeram,
1188 462 1223 521 ut

69 561 91 613 7
118 557 159 622 ab
181 558 241 622 illa
272 555 393 622 iniuria
422 522 632 623 deterrerent.
674 556 774 639 Atqui
803 555 876 635 ille,
906 555 994 639 quod
1024 563 1058 620 te
1078 555 1208 621 audisse

116 657 192 736 scio,
214 680 259 741 pr.
281 656 354 723 Kal.
376 657 555 735 Ianuarias,
587 678 653 741 qua
681 657 802 721 iniuria
830 677 924 721 nemo
954 676 1110 739 umquam
1141 657 1176 721 in
1205 657 1223 720 ir

116 757 309 839 magistratu
340 758 596 840 improbissimus
627 755 703 822 civis
732 756 880 822 adfectus
909 762 968 836 est,
996 777 1035 821 ea
1065 777 1118 820 me
1156 778 1223 821 conr

117 857 245 936 adfecit,
269 879 341 922 cum
363 880 430 923 rem
452 857 614 941 publicam
636 878 880 936 conservassem,
904 864 1002 940 atque
1024 857 1223 923 abeuntem:

116 963 222 1022 stratu
246 959 405 1024 contionis
427 957 596 1023 habendae
617 963 778 1041 potestate
799 959 956 1041 privavit:
983 959 1074 1023 cuius
1097 957 1220 1022 iniuria

116 1062 223 1122 tamen
253 1059 369 1125 honori
399 1079 524 1124 summo
554 1059 634 1123 fuit:
666 1080 741 1123 nam
772 1079 845 1123 cum
873 1059 928 1123 ille
959 1059 1038 1122 mihi
1066 1058 1151 1123 nihil
1191 1058 1223 1120 ni

116 1158 257 1223 iurarem
288 1161 501 1242 permitteret,
531 1179 650 1241 magna
680 1179 758 1224 voce
787 1158 892 1223 iuravi
934 1158 1132 1224 verissimum
1172 1160 1223 1244 pu]

116 1258 298 1342 rimumque
319 1260 370 1323 ius
388 1258 572 1337 iurandum,
595 1258 681 1340 quod
699 1259 837 1341 populus
854 1259 931 1322 item
949 1277 1067 1339 magua
1085 1279 1162 1323 voce
1180 1280 1223 1323 me

68 1357 91 1410 8
115 1357 238 1424 iurasse
259 1361 388 1426 iuravit.
430 1359 500 1424 Hac
521 1366 654 1440 accepta
677 1364 745 1424 tarn
766 1357 886 1439 insigni
907 1358 1027 1423 iniuria
1048 1364 1159 1423 tamen
1177 1358 1223 1425 ill(

116 1459 166 1523 die
188 1460 258 1524 misi
281 1460 323 1525 ad
345 1460 510 1525 Metellum
539 1480 723 1525 communes
753 1459 885 1538 amicos,
916 1460 972 1542 qui
1004 1465 1137 1541 agerent
1169 1481 1223 1525 cur

115 1566 153 1623 ut
174 1560 213 1623 de
235 1560 292 1624 illa
313 1566 420 1625 mente
443 1559 629 1639 desisteret;
662 1559 779 1643 quibus
800 1558 855 1623 ille
885 1559 1051 1642 respondit
1081 1560 1223 1626 sibinen

115 1658 293 1740 integrum:
317 1660 434 1724 etenim
456 1659 566 1742 paulic
589 1664 665 1723 ante
686 1659 718 1722 in
741 1660 890 1724 contione
911 1659 1037 1724 dixerat
1054 1660 1094 1737 ei,
1112 1660 1221 1743 quiin

117 1758 396 1823 animadvertisset
417 1759 539 1824 indicta
561 1779 667 1838 causa,
700 1758 827 1823 dicendi
855 1759 917 1843 ipsi
946 1765 1143 1842 potestatem
1166 1759 1223 1824 fier

117 1864 275 1939 oportere.
317 1859 488 1947 Hominem
511 1881 640 1942 gravem
663 1865 695 1924 et
717 1861 816 1924 civem
838 1862 1019 1942 egregium!
1041 1862 1105 1943 qui,
1128 1881 1223 1943 qua]

116 1964 247 2023 senatus
277 1980 437 2024 consensu
467 1960 626 2026 bonorum
658 1960 800 2026 omnium
827 1981 881 2024 eos
912 1960 1086 2040 adfecerat,
1118 1960 1176 2044 qui
1207 1982 1223 2023 u

115 2056 282 2122 incendere
300 2066 331 2123 et
350 2060 560 2143 magistratus
583 2080 620 2124 ac
642 2066 789 2123 senatum
811 2059 984 2139 trucidare,
1003 2059 1125 2125 bellum
1144 2061 1223 2126 maxi

116 2159 255 2225 conflare
285 2161 469 2239 voluissent,
500 2160 609 2224 eadam
641 2158 774 2242 dignum
804 2158 962 2224 iudicaret
993 2180 1075 2239 eum,
1109 2161 1167 2243 qui
1192 2183 1223 2225 ou

114 2259 221 2339 caede,
243 2261 355 2326 urbem
373 2260 535 2339 incendiis,
558 2261 687 2325 ltaliam
708 2259 795 2324 bello
812 2259 987 2324 liberasset.
1033 2259 1147 2343 Itaque
1169 2282 1223 2343 ego

115 2359 202 2439 tello,
224 2361 320 2425 fratri
341 2367 408 2441 tuo,
432 2361 593 2444 praesenti
614 2360 737 2425 restiti:
760 2381 834 2425 nam
857 2359 890 2423 in
912 2366 1025 2424 senatu
1048 2359 1223 2426 Kalendis.

114 2461 192 2525 ariis
214 2461 354 2525 siccum
377 2482 413 2525 eo
437 2461 532 2525 dere
562 2459 693 2543 publica
724 2460 896 2543 disputavi,
926 2466 964 2525 ut
994 2461 1131 2526 sentiret
1161 2462 1224 2527 sibi

114 2561 183 2626 viro
205 2562 283 2626 sorti
304 2569 336 2626 et
359 2562 520 2626 constanti
542 2582 608 2626 esse
630 2561 848 2643 pugnandum
891 2561 927 2625 A.
949 2560 979 2627 d.
998 2561 1055 2626 111.
1072 2560 1184 2626 Nonas
1202 2562 1223 2626 h

115 2662 180 2727 rias
202 2683 274 2726 cum
296 2683 392 2744 agere
414 2661 580 2744 coepisset,
602 2661 698 2726 tertio
720 2681 849 2743 quoque
869 2660 968 2725 verbo
991 2661 1148 2726 orationis
1170 2682 1223 2726 sua

112 2762 312 2846 appellabat,
343 2761 421 2825 mihi
452 2761 658 2839 minabatur3
689 2781 792 2844 neque
822 2760 871 2824 illi
902 2760 1074 2844 quicquam
1105 2762 1223 2828 deliber

115 2864 179 2929 fuit
209 2884 308 2947 quam
333 2882 393 2940 me,
425 2881 626 2945 quacumque
655 2861 784 2926 ratione
814 2867 929 2943 posset,
960 2882 1026 2925 non
1056 2862 1175 2929 iudicio
1215 2885 1223 2926 1

114 2965 358 3049 disceptatione,
388 2964 444 3028 sed
465 2965 496 3027 vi
518 2968 617 3046 atque
638 2962 845 3045 impressione
868 2968 1019 3027 evertere.
1061 2963 1168 3028 Huius
1190 2985 1223 3046 eg

114 3067 259 3130 meritati
280 3067 308 3129 si
330 3067 449 3131 virtute
471 3071 570 3147 atque
602 3065 707 3129 animo
738 3084 803 3127 non
833 3064 1032 3145 restitissem,
1054 3064 1128 3147 quis
1149 3072 1223 3129 esset

148 3337 172 3387 7.
189 3343 255 3386 certo
272 3331 330 3400 scio]
349 3332 427 3385 nicht
444 3319 526 3396 credo,
552 3331 614 3385 sehr
636 3330 695 3384 bos·
738 3330 787 3384 her
804 3332 930 3383 homiaem
952 3350 1065 3398 prooem.
1083 3360 1117 3368 -
1133 3334 1223 3400 paulic

116 3415 184 3482 hait,
202 3432 285 3468 wenn
302 3415 430 3468 Metellus
440 3415 574 3482 wirklich,
583 3415 634 3468 wie
646 3431 695 3467 ans
738 3414 896 3468 beiseinem
906 3416 1148 3468 Amtsantrittam
1160 3416 1223 3470 10.1

112 3498 133 3567 ,g
150 3502 166 3552 9
184 3498 361 3567 hervorgeht,
387 3498 516 3551 hieriiber
542 3500 599 3553 und
616 3498 697 3552 iiber·
738 3526 771 3535 -
788 3501 832 3567 qai
848 3501 937 3552 arbem
953 3498 1097 3567 volutarem]
1116 3500 1223 3554 vende

117 3584 206 3650 haupt
223 3583 293 3635 iiber
319 3582 420 3649 Nepos'
439 3581 601 3650 Th‘atigkeit
618 3598 696 3635 man·
737 3583 869 3638 Gliedern
894 3582 1006 3652 bingen
1033 3584 1078 3637 die
1104 3584 1223 3638 enatent

117 3666 224 3736 gelhaft
242 3665 300 3719 und
318 3664 448 3732 einseitig
475 3665 612 3719 berichtet
630 3682 696 3718 war.
738 3684 823 3735 anger
840 3684 1007 3734 zusammen,
1024 3666 1110 3720 daher
1128 3667 1191 3720 sind
1210 3685 1223 3719 c

118 3781 146 3789 -
165 3754 194 3803 ia
210 3753 298 3818 infimo
315 3746 479 3815 mapirtrata]
498 3747 620 3814 Quietur
638 3748 696 3802 und
738 3752 791 3804 mit
808 3762 831 3805 at
848 3751 1020 3805 verbunden.
1046 3778 1079 3787 -
1104 3748 1223 3817 conflare]

115 3825 246 3888 ddilitbt.
264 3862 297 3871 -
314 3830 485 3900 saturarent]
504 3831 697 3902 dengewiihn·
738 3835 782 3889 die
799 3834 948 3903 Metapher
965 3852 986 3889 s.
1012 3832 1083 3901 ng.
1110 3832 1151 3885 St.
1170 3836 1223 3888 134,

115 3918 205 3971 lichen
224 3916 346 3982 Sobrius,
374 3917 448 3969 mein
475 3918 543 3967 Amt
568 3919 620 3984 gut
637 3932 696 3970 ver·
737 3921 826 3988 -qai
840 3914 1141 3984 curiam...liberasset]
1154 3916 1223 3969 absit

113 4002 213 4054 waltet
230 4017 263 4052 nu
280 4000 388 4053 haben:
405 3999 463 4053 Aa.
482 4001 522 4053 12.
737 4003 855 4056 beinahe
882 4000 932 4053 der
950 3999 1092 4053 Wortlaut
1117 3999 1167 4053 des
1190 4001 1220 4052 in

148 4087 172 4139 8.
190 4086 287 4151 insipat
303 4082 412 4151 iotario]
432 4081 565 4136 stehande
579 4081 696 4136 Verbin·
737 4086 787 4153 111,
806 4086 837 4139 15
847 4084 1034 4153 angefiihrten
1048 4080 1223 4137 Senatsbesci

111 4168 193 4236 dung
211 4166 358 4235 (sklatant,
376 4166 548 4224 schreiendi:
566 4183 610 4233 ep.
621 4168 661 4231 97,
671 4168 695 4218 2.
738 4189 771 4223 zo
790 4169 885 4222 Ehren
904 4167 1025 4221 Ciceros:
1046 4169 1113 4234 qaod
1128 4170 1220 4221 arbem

116 4249 262 4318 Landgraf
286 4267 334 4302 zur
360 4249 438 4304 Rosc.
469 4252 507 4303 10.
526 4277 555 4286 -·
574 4252 620 4302 sihi
644 4268 696 4301 occ
738 4256 794 4321 diis,
812 4254 887 4305 caede
896 4253 964 4317 aab,
974 4252 1152 4304 Itdicmbellc
1161 4254 1223 4304 liber

112 4352 166 4387 esse
195 4331 331 4401 iatepram]
358 4349 388 4386 er·
413 4333 486 4386 habe
513 4332 592 4387 nicht
617 4332 696 4387 mehr
738 4336 793 4406 vgl.
809 4334 875 4389 Sall.
892 4336 933 4388 33.
966 4321 1043 4389 iiber
1059 4334 1105 4389 dia
1122 4336 1223 4390 Allitte

115 4418 184 4472 fraie
218 4416 301 4470 Hand
335 4416 407 4470 nach
436 4416 531 4469 seinan
565 4415 695 4471 fritheren
737 4419 1001 4473 caede...iocendiia
1018 4435 1052 4471 zu
1069 4434 1113 4485 ap.
1130 4420 1156 4484 6,
1174 4422 1223 4474 7.·

111 4492 330 4571 dussernngen:
348 4498 449 4554 darauf
456 4500 524 4570 geht
533 4501 605 4555 auch
614 4501 696 4555 nach·
737 4506 804 4569 totto,
816 4504 905 4570 fratri
921 4500 974 4570 ιιιο]
990 4501 1043 4555 mit
1060 4499 1223 4557 Nachdruch
