2602 4890
563 201 608 255 nd
623 203 685 256 stc.
703 201 777 268 XIV,
788 203 860 257 1313.

441 367 999 458 mmmmmmm

234 519 291 573 Scr.
309 519 338 573 in
355 519 508 575 Puteolano
525 538 550 574 a.
568 520 595 575 d„
614 520 651 575 VI
667 520 807 579 Kalendas
826 523 915 578 Maias
932 526 967 577 Δ.
984 523 1018 579 U.
1036 523 1065 579 0.
1082 527 1135 580 710
1151 523 1208 592 (44).

431 672 587 740 CICERO
607 672 797 739 ANTONIO
820 673 905 739 008.
927 673 958 740 S.
981 672 1017 738 D.

73 872 89 920 1
201 839 294 918 Quod
315 860 440 905 mecum
461 862 519 923 per
541 838 670 907 litteras
692 842 771 924 agis,
793 862 893 908 unam
915 840 957 906 ob
975 861 1107 907 causam
1125 840 1230 907 mallen

116 960 187 1005 ram
218 940 352 1022 egisses:
384 962 447 1006 nou
470 941 555 1006 enim
576 943 680 1007 solum
712 943 931 1020 exoratione,
962 941 1016 1006 sed
1045 942 1145 1007 etiam
1174 961 1230 1007 ex‘

117 1047 151 1105 et
173 1041 274 1106 oculis
296 1047 330 1106 et
350 1041 468 1122 fronte,
491 1047 530 1106 ut
550 1043 653 1121 aiunt,
687 1063 792 1107 meum
814 1062 893 1124 erga
913 1047 946 1106 te
976 1062 1122 1106 amorem
1152 1062 1230 1126 persp

60 1141 63 1145 ’
117 1141 292 1225 potuisses:
316 1162 401 1222 nam,
432 1163 504 1207 cum
527 1147 560 1206 te
581 1162 707 1226 semper
728 1143 843 1223 amavi,
865 1142 1006 1225 primum
1032 1147 1091 1206 tuo
1114 1141 1228 1220 studio,

117 1243 216 1307 etiam
245 1242 397 1307 beneficio
427 1248 632 1324 provocatus,
654 1249 724 1307 tum
748 1243 799 1307 bis
832 1242 1032 1325 temporibus
1062 1263 1115 1307 res
1144 1242 1229 1325 publi

1 1389 3 1411 2
73 1352 91 1403 2
117 1343 196 1409 mihi
220 1345 268 1408 ita
290 1341 537 1422 commendarit,
568 1351 605 1406 ut
635 1342 792 1407 cariorem
822 1341 962 1407 habeam
992 1342 1171 1423 neminem3
1198 1342 1230 1406 lit

118 1464 193 1508 vero
217 1450 294 1508 tuae
316 1463 388 1506 cum
412 1442 642 1523 amantissime,
673 1448 745 1507 tum
771 1441 1095 1508 honorificentissime
1125 1444 1230 1527 scripu

117 1565 167 1608 me
189 1543 387 1619 adfecerunt,
409 1547 447 1606 ut
469 1563 533 1607 non
555 1542 632 1608 dare
653 1542 716 1607 tibi
738 1542 930 1608 beneficium
951 1542 1085 1623 viderer,
1108 1545 1165 1609 sed
1186 1566 1230 1610 ac<

117 1666 137 1709 a
159 1651 192 1708 te
209 1645 259 1708 ita
276 1649 415 1726 petente,
437 1651 476 1708 ut
493 1644 659 1708 inimicum
677 1665 792 1721 meum,
810 1644 1027 1709 necessarium
1047 1651 1141 1709 tuum
1158 1667 1207 1710 me
1222 1646 1230 1708 i

66 1759 92 1811 :3
119 1765 247 1809 servare
268 1745 376 1822 nolles,
398 1766 472 1809 cum
493 1745 527 1810 id
541 1745 639 1810 ¹nullo
661 1748 791 1828 negotio
813 1745 921 1810 facere
943 1767 1062 1827 posses.
1084 1747 1157 1830 Ego
1174 1769 1230 1812 ver<

116 1845 211 1923 istuc,
234 1846 279 1907 mi
301 1847 432 1925 Antoni,
454 1845 596 1925 remitto,
620 1851 719 1929 atque
741 1847 798 1926 ita,
821 1854 859 1911 ut
881 1867 931 1911 me
953 1869 974 1912 a
996 1854 1038 1926 te,
1069 1869 1144 1913 cum
1165 1849 1202 1912 iis
1221 1870 1230 1912 r

117 1947 290 2029 scripseris,
312 1946 533 2011 liberalissime
556 1936 655 2030 atque
677 1946 1002 2013 bonorificentissime
1023 1952 1230 2014 tractatume

117 2068 210 2128 mem,
233 2049 332 2132 idque
354 2069 426 2112 cum
448 2054 563 2127 totum,
586 2070 717 2133 quoquc
740 2051 834 2114 modo
861 2071 967 2114 seres
990 2050 1135 2128 haberet,
1167 2051 1225 2116 tibi

20 2202 23 2206 Δ
117 2150 195 2213 dum
218 2155 378 2233 putarem,
402 2155 471 2213 tum
493 2149 535 2214 dc
558 2150 657 2214 etiam
680 2150 878 2214 humanitati
899 2155 932 2214 et
953 2156 1092 2215 naturae
1114 2171 1219 2229 meae;

117 2252 202 2315 enim
225 2270 379 2333 umquam
403 2271 467 2315 non
490 2250 586 2316 modo
608 2251 762 2316 acerbum
784 2251 818 2315 in
840 2272 891 2317 me
910 2251 984 2329 fuir,
1005 2252 1061 2316 sed
1083 2271 1124 2316 ne
1144 2251 1230 2334 paul<

118 2352 189 2415 dem
211 2352 337 2415 tristius
357 2358 416 2416 aut
437 2352 587 2431 severius,
619 2372 718 2434 quam
739 2353 913 2416 necessitas
945 2352 992 2416 rei
1013 2351 1166 2435 publicae
1188 2372 1230 2435 pa

187 2560 536 2569 .-—-.—--——.-

150 2690 270 2744 CXXVI.
305 2691 403 2743 Dieser
421 2691 498 2746 Brief
512 2692 551 2744 ist
569 2709 605 2758 es,
633 2691 702 2744 iiber
746 2719 777 2728 -
803 2701 847 2743 tuo
872 2690 965 2760 audio]
993 2692 1060 2761 geht
1077 2691 1149 2744 wohl
1176 2689 1224 2743 auf

116 2777 213 2829 desseu
233 2774 492 2844 Verbffentlicbung
509 2774 597 2828 durch
616 2778 702 2827 Anto·
745 2776 816 2828 nius’
835 2774 961 2844 Haltung
988 2777 1026 2828 im
1045 2776 1070 2829 J.
1088 2778 1131 2828 53.
1150 2803 1180 2812 -—
1203 2776 1228 2825 be

117 2860 178 2911 nius
206 2858 264 2911 sich
289 2858 381 2912 Cicero
408 2858 479 2910 Phil.
507 2859 541 2924 II,
566 2861 591 2924 4,
617 2863 633 2912 7
657 2858 703 2911 be·
744 2861 870 2928 gemeint
888 2859 1179 2926 istdieBebandlung
1197 2875 1230 2910 na

116 2943 251 3009 schwert3
277 2960 305 2994 es
331 2959 390 2994 war
408 2943 547 2995 nattirlich
574 2959 628 2996 von
646 2945 702 2995 An·
746 2943 875 2997 Schlacht
884 2944 930 2997 bei
940 2944 1096 2996 Pharsalus:
1110 2942 1230 2996 ancer

116 3027 208 3080 tonius
220 3043 273 3079 nur
282 3026 326 3079 ein
337 3026 504 3093 Schuchzug‚
514 3043 595 3078 wenu
605 3042 635 3078 er
644 3026 701 3078 sich
745 3045 808 3080 zum
826 3026 937 3080 Schlues
955 3027 1002 3081 des
1029 3027 1146 3094 vorigcn
1168 3026 1228 3077 Brie

114 3111 166 3163 auf
189 3111 233 3163 dic
260 3112 290 3162 in
310 3111 412 3163 diesem
431 3109 522 3162 Briele
540 3110 554 3174 ,δ
572 3114 588 3161 5
605 3125 703 3175 ausge·
744 3127 784 3165 res
810 3115 966 3179 publica...
981 3107 1176 3176 commendavit]
1203 3126 1229 3160 m

114 3194 268 3260 sprochene
290 3193 462 3247 freundlicbe
480 3192 643 3261 Gesinnung
661 3192 702 3244 Oi·
744 3194 865 3263 ziehung
891 3195 940 3249 auf
964 3196 1008 3248 die
1026 3193 1199 3262 Ergebnisse
1223 3209 1230 3243 r

116 3294 192 3329 ceros
210 3277 305 3343 berief,
324 3295 360 3330 sn
379 3278 461 3330 deren
480 3276 701 3344 Aufrichtigkeit
746 3278 838 3331 Mlirz:
857 3279 915 3332 nin.
933 3282 974 3331 41.

115 3377 148 3411 zu
171 3361 295 3413 zweifeln
321 3377 352 3412 er
369 3361 466 3413 Grnnd
493 3377 586 3428 genug
612 3360 700 3416 batte.
777 3364 801 3414 3.
819 3381 862 3428 epo
878 3359 948 3431 vero]
977 3381 1010 3415 zu
1037 3379 1080 3429 ep.
1111 3364 1170 3428 114,
1197 3365 1220 3414 1.

115 3442 151 3495 Sc
169 3444 232 3496 sehr
242 3462 270 3497 es
283 3444 376 3498 Cicero
386 3444 569 3498 schmeicbeln
584 3446 701 3507 mochte,
744 3445 851 3513 Antoni]
872 3445 1019 3499 Antonius'
1035 3445 1149 3498 Anrcde
1168 3445 1207 3512 §3
1224 3444 1230 3495 l

115 3529 180 3580 dass
198 3531 337 3582 Antonius
364 3530 421 3582 sich
449 3527 618 3595 wenigstens
645 3531 699 3583 deu
744 3545 797 3580 nur
818 3531 913 3584 Oicero.
931 3547 1041 3581 -cum
1061 3531 1095 3581 iis
1119 3532 1202 3583 certis
1226 3550 1230 3577 s

117 3615 257 3665 Anschein
276 3615 340 3682 gab,
358 3616 398 3667 als
408 3615 509 3682 glaube
519 3628 548 3664 er
566 3614 636 3666 such
647 3615 699 3666 mit
742 3610 787 3680 ris]
815 3630 881 3665 man
898 3613 963 3667 liest
981 3613 1120 3666 zwischen
1147 3612 1230 3666 deul

115 3695 208 3750 Cicero
236 3699 356 3751 rechnen
379 3716 411 3750 zu
439 3703 565 3751 mlissen:
592 3696 699 3750 Ciceros
743 3714 772 3749 so
790 3697 934 3750 cbrenvoll
953 3696 1002 3749 das
1020 3695 1091 3749 auch
1110 3696 1158 3761 ist,
1178 3712 1230 3749 sor

116 3781 356 3850 wahraMeinung
373 3781 481 3834 kommt
498 3781 617 3835 clochan
633 3781 698 3834 eini·
741 3781 811 3835 eben
837 3798 891 3833 nur
909 3779 1013 3833 Wcrte.
1034 3808 1062 3818 -
1081 3799 1182 3848 quoquo
1200 3799 1230 3831 m<

115 3881 168 3932 gen
179 3864 282 3918 Stellen
299 3865 346 3917 des
360 3865 463 3918 Briefes
476 3866 542 3918 leise
560 3884 622 3918 zum
632 3865 699 3919 Vor·
740 3864 850 3933 lateret]
869 3866 919 3918 anf
934 3864 979 3917 die
996 3864 1192 3932 Motivierung
1210 3863 1228 3915 d

115 3949 218 4001 schein.
246 3948 308 4002 Wie
320 3949 459 4002 Antonius
477 3949 531 4002 den
549 3949 627 4003 Brief
641 3952 700 4003 auf·
742 3950 835 4002 tonius
857 3951 943 4001 uideor
969 3950 1058 4000 debere
1084 3950 1155 4001 tueri
1182 3966 1230 4000 ccc

116 4031 219 4098 uubm,
254 4033 376 4087 schreibt
403 4033 496 4086 Cicero
525 4050 560 4085 sn
587 4034 698 4087 Atticus
741 4036 809 4085 rium
832 4034 951 4085 Caesaris
975 4030 1043 4099 geht
1061 4030 1159 4083 Cicero
1184 4032 1230 4083 wo'

116 4115 189 4178 XIV,
208 4118 247 4179 19,
265 4120 296 4170 2:
316 4120 444 4169 Antonius
470 4118 506 4168 ad
530 4136 569 4169 me
595 4127 700 4169 tautum
741 4116 796 4171 lich
814 4117 894 4169 nicht
911 4116 972 4169 ein:
991 4116 1133 4168 Antonius
1152 4116 1225 4168 wird

114 4200 147 4250 de
170 4200 254 4252 Clodio
271 4204 408 4269 rescripsit,
429 4220 513 4253 meam
530 4203 659 4253 lenitatem
677 4212 700 4254 et
741 4200 805 4254 Satn
827 4199 987 4254 schwerlich
1015 4199 1230 4252 missverstands

114 4286 274 4336 clementiam
300 4296 322 4337 ct
347 4288 393 4337 sibi
410 4304 461 4338 esse
475 4295 579 4351 pretam
597 4295 619 4338 et
636 4288 700 4338 mihi
742 4285 847 4337 ben-
872 4303 925 4336 noc
938 4286 1012 4336 modo
1026 4282 1213 4352 acerbam...]

116 4371 241 4435 voluptati.
259 4387 368 4436 mapnae
380 4372 450 4436 fore.
742 4369 810 4435 geht
828 4385 881 4420 nur
899 4366 948 4420 suf
959 4367 1008 4420 das
1024 4366 1229 4435 Gesiiblfpersb

151 4456 171 4505 1.
192 4472 223 4506 ac
239 4453 542 4523 cultu...frontc]zum
554 4454 700 4508 Ausdruck
743 4451 940 4519 Erbittsrung,
965 4453 1063 4503 tristitae
1085 4461 1134 4503 aut
1158 4470 1230 4505 sever

108 4541 162 4608 vgl.
182 4558 215 4593 zu
235 4557 279 4611 ep.
298 4540 406 4609 36,·17:
423 4543 514 4612 fronte
532 4550 608 4610 atqua
624 4541 707 4593 cruta
747 4534 1100 4603 hasrigcrcselccthalten
1115 4552 1153 4588 sn
1165 4536 1230 4603 polii
