2602 4890
55 195 122 265 raa]
383 199 427 253 aa
445 202 505 255 att.
522 200 595 268 mr,
614 206 636 255 1.
656 205 695 255 ra
1072 206 1132 269 407

57 385 143 430 mmo
160 366 193 428 in
213 364 288 430 odio
305 366 375 445 sim,
398 385 470 429 eum
490 365 532 431 M.
551 366 660 433 Cicero
682 369 792 434 sedeat
814 390 874 435 nec
890 391 948 436 sno
967 371 1134 437 commodo

55 466 162 529 venire
183 464 308 550 possit?
339 466 441 548 atqui,
463 465 491 530 si
513 468 683 551 quisquam
706 475 754 533 est
775 469 889 549 facilis,
911 469 965 536 hic
986 477 1051 549 est3
1082 475 1134 536 ta·

57 588 79 630 n
96 566 222 645 dubito,
241 567 320 649 quin
338 587 388 630 me
410 568 494 630 male
512 566 654 647 oderit‹;
676 567 757 633 haee
775 576 808 638 et
826 570 1000 636 eiusmodi
1022 570 1136 635 multa.

67 668 287 751 propositum:
310 667 464 750 quicquid
483 668 555 747 erit,
578 689 641 734 non
664 670 759 737 modo
778 692 943 754 magnum,
961 670 1017 736 sed
1035 670 1132 735 etiam

55 817 68 846 .,
91 768 230 848 scrihes3
252 769 402 851 equidem
424 768 505 832 nihil
526 769 750 838 intermittam.

279 985 424 1054 CXXIV.
446 987 502 1072 (ad
523 991 590 1056 Ati.
612 989 698 1070 XIV,
723 992 784 1078 12.)

123 1155 180 1208 Sor.
198 1154 321 1210 Puteolis
339 1172 363 1208 a.
382 1156 407 1208 d.
425 1156 451 1208 X
470 1156 532 1211 Kal.
549 1156 638 1212 Maias
656 1161 690 1213 A.
709 1158 742 1215 U.
761 1161 788 1215 C.
806 1165 856 1216 710
874 1161 937 1231 (44).

311 1304 466 1371 CICERO
488 1306 643 1373 ATTICO
665 1308 752 1375 SAL.

62 1473 106 1534 mi
128 1472 243 1552 Attice,
267 1494 387 1553 vereor,
410 1495 450 1538 ne
479 1475 573 1539 nohis
603 1475 679 1541 Idus
710 1476 849 1543 Martiae
879 1478 959 1543 nihil
990 1475 1137 1542 dederint
1164 1482 1177 1532 1

75 1573 234 1637 laetitiam
256 1579 289 1638 et
307 1575 371 1638 odii
393 1596 530 1657 poenam
553 1597 591 1640 ac
609 1576 746 1642 doloris!
769 1579 858 1656 Quae
876 1579 954 1642 mihi
973 1577 1060 1642 istim
1078 1576 1133 1641 ad-

56 1675 91 1737 r!
123 1696 206 1758 quae
236 1675 288 1739 hic
309 1674 421 1739 video!
452 1673 493 1740 ’Ὠ
525 1678 667 1759 πράξεως
695 1683 793 1760 καλῆς
823 1689 889 1764 μέν,
921 1681 1052 1755 ἀτελοῦς
1084 1680 1137 1742 δέ]

55 1796 126 1838 nam
150 1774 281 1858 diligam
304 1775 428 1840 Siculos
460 1782 493 1841 et
515 1798 614 1861 quam
644 1780 733 1844 illam
765 1778 945 1844 clientelam
968 1779 1137 1843 honestam

55 1895 82 1960 r:
105 1878 211 1942 multa
232 1878 295 1942 illis
318 1876 446 1958 Caesar,
469 1900 572 1962 neque
594 1902 645 1946 me
666 1881 777 1961 invito,
801 1881 861 1945 etsi
880 1880 1042 1946 Latinitas
1065 1883 1138 1943 erat

55 2181 277 2236 Bedeutsamlreit
295 2184 385 2237 dieser
403 2202 510 2254 genten
552 2186 610 2239 ‘das
636 2185 737 2239 Gefiihl
764 2184 946 2251 befriedipter
972 2180 1065 2234 Rache
1092 2180 1137 2234 fer

55 2270 75 2317 lr
93 2266 138 2319 die
156 2266 379 2321 Charahteristik
397 2287 450 2322 von
462 2268 511 2322 ΟΞ·
553 2287 655 2322 unsern
667 2269 737 2323 Hass
755 2269 812 2323 und
822 2284 922 2322 ansere
931 2266 1137 2332 Erbitlernng'.

55 2348 160 2402 rechaft
178 2350 215 2401 ist
233 2351 318 2404 sehon
336 2352 407 2405 oben
419 2370 452 2404 zu
467 2370 510 2420 ep.
554 2352 615 2422 vgl.
633 2352 698 2406 Hor.
716 2352 807 2420 Epist.
826 2353 845 2419 l,
864 2352 890 2416 2,
907 2352 940 2404 59
958 2350 1002 2402 fl:
1024 2352 1068 2417 qut
1085 2366 1138 2400 aon

58 2434 224 2499 ngewiesen.
268 2434 362 2488 Cicero
388 2436 511 2490 schreibt
554 2439 728 2490 moderabitur
745 2438 810 2502 irae,
839 2437 964 2500 infectam
990 2436 1053 2486 colet
1080 2450 1138 2498 esee,

63 2517 167 2570 3noch
197 2518 300 2572 einmal
329 2536 365 2572 an
384 2521 512 2573 Atticus:
555 2523 660 2573 dolor
684 2522 753 2588 quod
778 2521 887 2572 macerit
912 2528 936 2571 et
961 2535 1050 2580 meae,
1076 2518 1139 2568 dum

56 2610 106 2652 tam
123 2603 160 2653 dd
177 2605 512 2670 weerhteerommdeourum
551 2622 693 2671 poenae
718 2605 802 2655 odio
824 2622 875 2670 per
896 2604 947 2654 cim
968 2603 1083 2668 festinat
1099 2602 1139 2651 ia-

61 2685 91 2734 td
108 2687 161 2736 aare
179 2688 247 2738 mooli
270 2698 322 2739 eat:
349 2690 431 2740 aiebat
452 2689 512 2741 an-
554 2691 623 2750 ulto,·
651 2686 704 2741 cie.
722 2705 773 2755 pro
792 2688 851 2740 Mil.
869 2689 916 2741 35:
938 2688 997 2754 fuit
1014 2688 1083 2736 ultor
1100 2685 1138 2734 in·

55 2785 120 2833 etim,
137 2788 185 2836 qvo
203 2780 314 2838 tempore
332 2773 511 2838 Sectiiropotu
554 2774 653 2838 iuriae,
679 2775 786 2839 punitor
810 2773 969 2824 dolositati.
1011 2767 1140 2821 Wolffiin

57 2869 123 2917 eam,
141 2871 199 2904 cum
217 2864 389 2921 exspectarem
415 2857 513 2919 sedens,
556 2856 727 2909 verhessert:
754 2857 833 2908 taedii
854 2858 964 2924 plenam
981 2869 1012 2906 cc
1032 2853 1139 2904 doloris:

60 2935 131 3002 „Epo
148 2954 220 2988 auae
237 2947 290 2989 tam
308 2941 356 2991 eim
374 2942 514 3006 eniteant
557 2939 701 2993 Bedenken
728 2943 821 3008 erregt
849 2955 909 3005 nur,
937 2939 1000 2992 dass
1026 2937 1140 2989 taedium

55 3037 91 3069 tm
102 3021 212 3086 facilem
222 3023 346 3075 homiaem
353 3033 442 3090 putem
451 3025 514 3076 miti
557 3024 600 3076 hei
620 3022 714 3076 Cicero
731 3026 809 3074 sonet
826 3039 877 3088 gar
890 3023 968 3076 nieht
980 3021 1141 3074 vorzulrom·

55 3120 115 3167 mm,
129 3122 187 3155 eum
201 3115 254 3156 tam
272 3108 414 3159 ditteedeae
431 3126 514 3159 mecm
557 3124 619 3159 men
630 3105 747 3158 scheint.
782 3105 851 3157 Bald
861 3105 932 3158 nach
943 3121 1054 3158 unserm
1067 3102 1143 3155 Brief

55 3206 84 3238 tm
104 3197 238 3255 eaapectet¹⁸
260 3188 382 3256 (wartet,
409 3191 451 3242 bis
469 3191 513 3244 ich
558 3188 1139 3257 sehreibtdicerortttxw,14,4(adeant.

55 3270 99 3335 ne).
118 3301 151 3308 -
170 3275 235 3324 mole
258 3272 349 3342 oderit]
380 3273 430 3326 wie
455 3277 515 3326 deae
558 3275 789 3343 Apr.):quidmitt'
798 3276 914 3327 attulerit
923 3274 1076 3326 istodomiai
1086 3290 1140 3323 mu·

55 3358 96 3421 24,
114 3355 140 3423 3)
159 3356 236 3409 dient
260 3361 327 3411 mole
354 3359 383 3410 in
410 3358 460 3410 der
477 3359 516 3410 fe·
557 3361 619 3411 tatio
634 3367 741 3426 praeter
758 3359 891 3416 laetitiam,
908 3357 1141 3425 quomoeullacepi

55 3483 57 3488 ,
93 3439 215 3506 Sprache
248 3459 298 3493 zur
333 3442 515 3511 Steigerung:
556 3446 622 3495 lueto
639 3443 744 3494 interita
761 3441 889 3508 tyrann-i?
916 3470 942 3478 -
962 3439 1040 3508 ierim]
1066 3439 1141 3493 diese

55 3523 108 3577 len.
122 3525 143 3588 I,
161 3526 185 3583 3,
202 3527 260 3577 7:
271 3527 335 3578 189:
352 3537 380 3577 at
398 3545 439 3593 eqo
452 3545 513 3578 aeo-
557 3527 637 3579 Forrn
658 3525 729 3578 ohne
747 3525 796 3577 das
814 3524 1035 3578 demonstrative
1050 3542 1062 3575 c
1079 3522 1140 3591 (wie

55 3609 90 3659 teli
106 3610 192 3668 mole;
209 3607 270 3661 Ter.
290 3609 406 3676 Adelph.
426 3610 470 3676 lV,
492 3615 513 3675 l,
556 3614 602 3663 icto
619 3627 662 3677 ep.
681 3612 722 3673 72,
741 3608 767 3673 2)
785 3606 873 3661 findet
899 3609 957 3661 sich
984 3608 1030 3661 bei
1047 3607 1140 3660 Cicero

56 3711 63 3757 3
80 3702 103 3744 et
120 3692 250 3743 illudent·
267 3696 343 3744 nulla
361 3696 415 3745 alia
433 3713 514 3746 cauea
557 3695 607 3747 wie
625 3696 691 3746 illim
710 3692 851 3746 mehrfaoh
871 3691 942 3758 (hier
952 3694 1003 3746 wie
1015 3693 1081 3744 farn.
1095 3689 1140 3755 vt,

54 3779 78 3828 le
102 3777 163 3837 odi;
195 3776 296 3830 ebenso
327 3777 370 3829 bei
398 3778 513 3831 Plautus
557 3780 598 3841 20,
624 3779 639 3829 3
667 3776 723 3829 und
751 3778 812 3829 Att.
839 3776 898 3842 Vll,
924 3779 965 3841 21,
989 3781 999 3829 l
1020 3794 1073 3828 von
1092 3774 1141 3827 der

58 3870 158 3914 taesam
176 3873 219 3923 eat,
236 3864 304 3914 male
316 3863 434 3929 fortnido
453 3881 478 3914 u.
489 3879 513 3914 a.
556 3861 672 3916 aweiten
693 3859 774 3914 Hand
791 3861 839 3914 des
856 3861 929 3914 Med.
939 3861 968 3912 in
986 3862 1061 3912 istinc
1078 3858 1140 3911 kor-

55 3945 71 3997 l.
90 3945 126 4009 II,
140 3947 187 3997 l2:
205 3964 253 4013 qtto
266 3947 392 3998 neminem
401 3949 515 3998 veterani
557 3945 676 4013 rigiert).
694 3971 726 3980 -
744 3964 822 4013 qnam
840 3947 947 4012 diliqam
966 3940 1075 4010 Sicaloe]
1088 3960 1140 3994 von

55 4030 141 4080 lerunt.
187 4027 213 4081 S.
232 4028 357 4081 Wdllflin
387 4029 515 4095 Compar.
557 4028 663 4082 meiner
683 4027 806 4093 (ludatur
825 4029 881 4081 her.
901 4060 930 4066 --
951 4024 1141 4094 Latinitaa]=

55 4113 152 4166 archiv
171 4113 191 4179 1,
209 4115 257 4178 96;
286 4112 360 4165 Brix.
383 4132 416 4166 za
434 4113 514 4180 capt.
556 4118 596 4166 iva
618 4116 698 4179 Latii,
724 4112 838 4166 welches
867 4112 920 4164 den
946 4110 1140 4164 Teilnehmern

55 4198 138 4248 smalz
156 4198 234 4250 Asin.
254 4198 282 4249 P.
300 4199 348 4264 96;
373 4196 514 4250 Fritzsehe
557 4199 617 4251 ihre
645 4199 741 4266 eigene
767 4196 864 4248 innere
887 4194 1056 4262 Verfaesnng
1083 4192 1142 4245 und

55 4322 56 4331 .
79 4279 135 4334 Sat.
155 4281 175 4342 l,
195 4284 220 4345 3,
237 4283 278 4335 45.
303 4310 336 4317 -
362 4283 398 4333 od
422 4300 514 4348 propo·
558 4282 738 4349 Verwaltung
752 4279 940 4333 sowieAnteil
952 4297 987 4332 an
999 4278 1048 4330 der
1061 4276 1140 4330 Feier

55 4382 85 4417 ru
120 4380 164 4432 ep.
199 4367 248 4419 76:
284 4367 320 4417 ool
355 4367 515 4433 propoeitam
559 4367 608 4420 der
627 4368 720 4434 feriae
747 4365 861 4416 Latinae
888 4363 1015 4416 sicherte.
1064 4360 1141 4414 Weit

559 4449 750 4505 nmfassender
776 4447 901 4517 dagegen
928 4464 986 4500 war
1011 4446 1061 4498 das
1088 4445 1141 4498 den

55 4532 83 4587 V.
112 4537 134 4585 1.
160 4534 213 4584 odii
235 4550 347 4600 poenam
363 4551 394 4585 ae
411 4532 516 4602 delerit]
559 4534 686 4589 Siculern
710 4530 851 4588 nnnmehr
869 4549 928 4586 nan
946 4529 1089 4583 tantamne
1103 4544 1152 4577 aa·
