2602 4890
120 153 178 215 136
548 150 593 203 Ad
610 148 745 216 Quintum
762 150 796 203 fr.
814 150 849 215 Il,
866 152 890 202 3.
1057 144 1060 149 ’
1091 134 1094 141 ’
1194 148 1224 219 [E

117 322 174 394 est,
205 336 242 379 ea
273 336 356 398 quae
384 314 471 381 facta
493 320 597 381 essent
619 336 647 381 a.
669 314 697 378 (1.
721 343 775 383 vm
797 315 843 381 ld.
864 316 966 393 Febr,
990 321 1104 381 contra
1125 336 1191 382 rem
1211 337 1224 399 1

115 435 186 480 cam
205 436 270 479 esse
288 415 383 480 facta
409 416 456 479 Eo
475 415 526 478 die
541 415 621 481 Cato
639 417 842 481 vehementer
860 423 909 482 est
926 417 960 481 iu
975 415 1165 498 Pompeium
1178 417 1224 479 ini

115 525 148 579 et
171 536 243 580 eum
262 517 406 580 oratione
423 520 582 597 perpetua
599 521 764 599 tamquam
784 538 875 580 reum
892 517 1073 595 accusavit3
1092 517 1133 581 de
1150 538 1224 581 mer

115 637 165 679 me
195 615 295 679 invito
319 635 389 679 cum
411 637 482 680 mea
503 638 628 682 summa
649 617 744 681 laude
767 618 866 681 dixit:
897 638 969 681 cum
991 616 1077 683 illius
1101 617 1135 681 in
1156 638 1206 683 me

115 715 199 781 diam
214 717 405 798 increparet,
421 716 553 782 auditus
567 728 616 782 est
629 738 746 800 magno
761 717 888 782 silentio
904 717 1144 783 malevolorum
1181 718 1224 782 Re

115 816 163 881 dit
181 818 209 881 ei
227 816 427 881 vehementer
445 816 614 899 Pompeius
634 817 847 899 Crassumque
865 818 1031 902 descripsit
1050 817 1196 900 dixitque
1214 838 1224 881 e

114 938 148 981 se
166 917 371 980 munitiorem
390 917 432 981 ad
451 917 696 983 custodiendam
713 920 813 982 vitam
832 939 921 983 suam
940 919 1018 995 fore,
1037 939 1135 1001 quam
1151 917 1224 982 Afri

72 1016 237 1096 eruisset,
269 1037 363 1098 quem
396 1015 427 1080 C.
451 1017 556 1081 Carbo
586 1017 807 1082 interemisset.
852 1018 967 1101 ltaque
997 1039 1134 1101 maguae
1165 1018 1224 1081 mil

15 1139 19 1147 ·
114 1118 179 1181 iam
213 1116 330 1179 moveri
361 1116 570 1181 videbantur:
606 1139 680 1181 nam
712 1117 882 1201 Pompeius
917 1120 996 1183 haec
1024 1119 1188 1200 intellegit
1218 1142 1224 1182 r

114 1238 251 1299 cumque
269 1217 492 1293 communicat,
511 1218 642 1283 insidias
659 1219 742 1282 vitae
759 1239 835 1282 suae
853 1218 932 1298 fieri,
952 1217 986 1287 C.
995 1218 1151 1284 Catonem
1170 1242 1191 1284 a
1209 1221 1224 1285 (

114 1318 306 1392 sustentari,
337 1317 448 1382 Clodio
469 1319 637 1400 pecuniam
659 1319 878 1401 suppeditari,
909 1325 1083 1401 utrumque
1113 1328 1145 1385 et
1169 1323 1212 1385 ab

114 1439 135 1482 a
168 1418 323 1491 Curione,
359 1417 473 1483 Bibulo
507 1420 685 1501 ceterisque
720 1420 786 1482 suis
822 1420 1097 1484 obtrectatoribus
1130 1418 1224 1484 confir

114 1518 317 1582 vehementer
347 1538 414 1581 esse
444 1518 694 1600 providendum,
731 1540 771 1583 ne
802 1522 1004 1602 opprimatur
1034 1522 1224 1584 contionari«

113 1616 233 1700 populo
256 1639 275 1682 a
297 1639 330 1681 se
352 1639 450 1700 prope
472 1619 621 1698 alienate,
644 1620 815 1685 nobilitate
833 1621 971 1695 inimica,
992 1641 1055 1686 non
1073 1642 1180 1703 aequo
1198 1643 1224 1686 se

113 1719 279 1782 iuventute
297 1719 453 1800 improba.
476 1720 591 1802 ltaque
606 1742 639 1785 se
656 1727 835 1804 comparat,
854 1721 999 1785 homines
1017 1742 1055 1785 ex
1073 1722 1160 1803 agris
1179 1743 1224 1786 arr

114 1840 229 1901 operas
243 1827 351 1884 autem
367 1840 442 1884 suas
453 1819 587 1885 Clodius
602 1821 777 1900 confirmat,
796 1843 910 1886 manus
925 1820 967 1884 ad
977 1820 1157 1896 Quirinalia
1173 1844 1224 1904 par

111 1922 146 1984 in
166 1942 205 1985 ea
225 1922 328 1986 multo
350 1942 459 1986 sumus
486 1924 664 2005 superiores
695 1925 794 2006 ipsius
825 1925 943 2005 copiis;
972 1923 1028 1987 sed
1058 1942 1179 2003 magna
1209 1943 1224 1982 r

112 2042 151 2086 ex
172 2021 288 2086 Piceno
310 2029 342 2087 et
365 2023 471 2087 Gallia
497 2030 717 2105 exspectatur,
748 2030 786 2088 ut
815 2025 915 2088 etiam
938 2023 1069 2088 Catonis
1098 2024 1224 2103 rogatio

113 2121 152 2185 de
174 2121 293 2187 Milone
314 2128 346 2186 et
368 2123 505 2188 Lentulo
528 2125 722 2191 resistamus.

70 2226 85 2277 5
196 2224 231 2285 Α.
262 2224 291 2289 (1.
322 2252 369 2290 1111
399 2224 476 2287 Idus
506 2225 596 2289 Febr.
618 2225 739 2290 Sestius
770 2225 812 2289 ab
842 2225 945 2289 indice
976 2223 1031 2290 Gn.
1052 2223 1150 2290 Nerio
1184 2225 1224 2288 Pr

112 2459 189 2524 pejus
217 2477 291 2511 muss
318 2462 347 2512 in
374 2461 422 2512 der
448 2460 528 2514 Nate
562 2459 692 2529 gewohnt
768 2461 791 2510 4.
809 2477 918 2525 maynae
935 2461 998 2510 nrihi
1015 2477 1055 2511 rea
1074 2461 1128 2509 iam
1145 2477 1224 2510 moon

111 2541 220 2607 haben,
238 2544 294 2595 und
313 2544 369 2596 dies
387 2561 444 2595 war
463 2544 512 2596 der
531 2544 628 2597 Grund
647 2543 692 2595 fiir
735 2542 992 2610 gauzeParagraph
1006 2536 1084 2610 bgiebt
1102 2541 1163 2594 eine
1183 2548 1224 2594 tre

111 2624 155 2679 die
167 2625 248 2679 Wahl
266 2627 313 2679 des
323 2626 504 2679 Ortos—-me
522 2626 610 2694 invito]
627 2643 691 2678 man
735 2625 917 2693 Schilderung
935 2642 989 2678 von
1007 2624 1163 2691 Pompejus’
1183 2625 1224 2677 iso

110 2708 198 2774 eieht,
224 2709 268 2763 die
286 2711 471 2763 Aristokratie
490 2712 581 2765 wollte
598 2711 692 2764 Cicero
735 2710 819 2776 Lege,
837 2709 894 2761 und
912 2725 978 2761 man
990 2708 1124 2772 versteht‚
1143 2707 1208 2759 dass

110 2791 197 2846 durch
218 2793 309 2846 solehe
326 2785 522 2864 hueserungen
539 2796 591 2848 mit
614 2795 691 2847 Pom·
735 2809 779 2845 sar
806 2791 885 2844 nicht
912 2791 1016 2844 schwer
1042 2791 1143 2855 warde,
1172 2791 1212 2842 im

110 2876 188 2943 pejus
216 2876 376 2931 verfeinden
403 2878 461 2931 und
478 2895 548 2945 ganz
565 2877 615 2930 auf
630 2878 691 2930 ihre
735 2876 784 2928 auf
807 2874 857 2928 der
874 2874 1030 2928 Konferenz
1057 2892 1091 2926 zu
1114 2874 1191 2927 Luca
1220 2892 1224 2909 ¹

110 2959 185 3012 Seite
211 2961 298 3013 ziehn.
327 2989 355 2997 --
383 2965 411 3013 in
429 2981 467 3013 me
481 2960 633 3029 perfidiam]
652 2962 690 3014 im
734 2959 795 3011 eine
813 2973 914 3025 engere
933 2955 1115 3026 Verbindung
1146 2958 1224 3010 der'.

110 3041 136 3095 J.
155 3045 194 3097 58.
211 3071 239 3079 -
253 3043 373 3096 &aarum
381 3043 527 3112 descripsit]
542 3045 690 3099 sohilderte
734 3042 797 3094 viru
824 3040 1064 3094 herbeizufdhron.
1090 3068 1124 3076 —
1149 3044 1224 3091 conti<

110 3129 167 3191 ihu,
186 3144 215 3180 so
233 3128 296 3180 dass
311 3128 391 3193 jeder
400 3129 454 3181 den
463 3128 576 3182 Crassus
594 3128 691 3181 erken-
735 3144 769 3177 zu
787 3142 830 3192 ep.
848 3128 872 3190 5,
883 3128 922 3177 11.
939 3152 972 3161 -
988 3126 1117 3176 iuuentute
1128 3127 1224 3190 improb

110 3229 165 3265 nen
183 3215 293 3276 mneste,
315 3228 395 3264 wenn
414 3229 444 3264 er
462 3211 531 3264 auch
550 3211 628 3265 nicht
645 3230 688 3281 ge
734 3205 1149 3277 mokratisohgesinnt.-inea]
1162 3210 1224 3271 Qru'r

110 3298 201 3348 nannt
218 3311 276 3347 war
302 3294 473 3362 (‘anspielen'
491 3295 561 3365 Nag.
580 3295 619 3349 St.
639 3299 696 3362 137,
737 3321 770 3328 -
787 3295 831 3345 ced
847 3312 943 3360 mnpna
961 3290 1062 3359 nanae]
1080 3291 1148 3344 aber
1163 3307 1224 3343 ause

110 3379 153 3447 6);
171 3395 262 3447 gensu
281 3397 310 3432 so
328 3396 378 3445 pro
393 3378 506 3432 11111411
524 3381 695 3433 ὥὶοονεπιΜ-
738 3375 807 3429 wird
825 3376 896 3429 anch
914 3417 919 3428 .
938 3416 944 3428 .
964 3417 969 3428 .
988 3404 1019 3413 -
1037 3394 1068 3427 ece
1085 3372 1188 3441 Piceno]
1216 3393 1224 3424 i

110 3463 383 3515 loniclmonaeoedem
400 3465 574 3528 rarefactam,
592 3466 695 3515 cornilio
737 3459 839 3526 gerade
865 3460 958 3524 daher,
983 3461 1058 3527 zeigt
1077 3456 1143 3510 Vell.
1161 3457 1224 3510 Pau

110 3565 167 3598 aero
185 3548 289 3597 mamae
307 3548 431 3598 alicuine:
456 3563 495 3597 me
520 3548 634 3599 videlieet
656 3550 694 3599 la·
737 3545 813 3607 29‚1:
831 3546 876 3595 enh
885 3544 1062 3596 adoenlnmin
1072 3543 1180 3593 Italiam
1191 3544 1223 3594 L.

109 3641 207 3682 tranem
224 3648 254 3680 aa
272 3633 395 3682 remam
421 3631 510 3681 abiecti
535 3632 647 3684 homines
672 3643 694 3683 et
737 3626 786 3693 (im
804 3626 830 3680 J.
848 3626 891 3693 83)
913 3628 958 3679 On.
976 3628 1111 3692 Pompeius
1133 3665 1163 3678 ..
1184 3666 1190 3677 .
1212 3646 1224 3692 J

107 3715 204 3781 perditi
221 3715 399 3765 describebant.
436 3711 495 3781 Vgt.
508 3712 579 3766 Phil.
590 3714 625 3779 II,
638 3717 694 3767 113.
737 3730 767 3762 en
785 3730 848 3776 apro
865 3712 965 3774 Reum,
992 3712 1038 3777 qni
1055 3719 1224 3775 praeparere

111 3824 141 3834 ·-
164 3816 237 3865 queem
267 3800 293 3851 0.
312 3798 392 3848 Carbo
417 3795 592 3863 interemisset]
620 3798 694 3852 dieue
736 3796 857 3847 clientelis
874 3796 986 3861 refertae
1009 3803 1072 3856 erat,
1098 3796 1224 3845 ceretrarit

110 3881 237 3948 giinzlich
255 3880 441 3933 unerwiesene
467 3880 694 3933 aristokratische
736 3881 822 3930 eitun
857 3878 943 3931 Leute
959 3893 1008 3929 aus
1025 3876 1219 3943 Oberitalien(

110 3962 225 4017 Version
244 3964 312 4017 iiber
338 3964 393 4016 den
419 3965 617 4030 gewalteamen
635 3963 693 4017 'l'od
736 3963 837 4015 erhielt
864 3977 894 4014 er
920 3960 991 4014 wohl
1017 3960 1104 4013 durch
1131 3960 1224 4012 Casan

110 4047 158 4100 des
171 4048 310 4115 jiingeren
319 4047 467 4101 Africanus
486 4046 576 4112 (nicht
591 4046 693 4099 einmal
736 4046 896 4113 mittelung.
920 4071 952 4081 -
982 4045 1084 4096 Ontonia
1100 4045 1224 4109 repetiens

110 4131 159 4183 das
177 4130 254 4184 steht
270 4130 332 4196 fest,
350 4131 413 4185 dass
431 4148 460 4183 er
478 4130 694 4184 ermordetwor·
736 4126 840 4194 Milone]
868 4127 899 4193 Q.
915 4128 948 4180 fr.
966 4127 1000 4193 11,
1018 4129 1076 4192 4,5
1103 4133 1193 4179 nennt
1217 4145 1224 4179 (

110 4214 164 4267 den
182 4214 231 4278 ist)
257 4230 314 4266 war
332 4215 439 4268 demate
457 4212 541 4267 sehon
568 4212 693 4265 ziemlich
736 4213 803 4266 halb
812 4211 881 4265 Cato
898 4211 1018 4264 ironisch
1035 4213 1131 4263 vindex
1145 4213 1224 4278 placit

112 4296 271 4352 verbreitet.
306 4295 331 4349 S.
357 4297 422 4349 farn.
448 4296 506 4360 IX,
531 4299 576 4360 21,
603 4297 627 4351 3.
661 4296 695 4350 de
737 4308 759 4350 et
776 4298 961 4350 bannorum.

111 4399 150 4435 or.
168 4380 203 4445 II,
222 4384 278 4434 170.
311 4379 373 4449 Vgl.
391 4396 442 4448 pro
460 4378 518 4432 Mil.
538 4382 577 4434 16.
611 4379 694 4434 Peter
769 4376 933 4447 tropina]
946 4379 1021 4430 triba.
1038 4365 1220 4432 llberdiesen

111 4464 145 4518 R.
162 4465 194 4518 G.
212 4463 247 4528 11,
264 4466 306 4517 26.
736 4465 848 4518 Proreus
874 4464 913 4516 ist
929 4464 1008 4515 sonst
1025 4460 1119 4515 nichts
1136 4461 1224 4516 beker
