2602 4890
55 184 70 255 ,]
428 185 474 238 Ad
489 185 556 239 fam.
574 184 622 253 Ν,
638 188 679 240 14.
1091 190 1152 253 337

55 357 75 417 rt
96 352 238 435 denique
259 328 364 417 libera
385 352 531 417 oratione
553 350 733 431 defendere,
766 371 807 416 ne
828 352 1001 435 vestigium
1023 352 1154 437 quidem

70 458 118 519 est
138 452 302 536 reliquum
322 450 415 517 nobis
438 451 616 533 dignitatis,
640 451 814 536 agiturque
833 452 1009 535 praeclare,
1031 454 1058 519 si
1080 474 1154 520 nos-

55 576 116 621 ›sos
133 573 246 636 regere
267 573 447 637 pessumus,
469 557 507 616 ut
529 572 577 631 ea,
600 571 685 635 quae
705 553 826 636 partim
843 553 907 617 iam
926 552 1056 633 adsunt,
1078 575 1154 636 par·

55 655 227 740 npendent,
250 652 417 718 moderate
437 652 587 732 feramus,
610 651 697 734 quod
716 659 764 718 est
781 652 911 717 difficile
928 655 961 719 in
979 655 1049 720 eius
1067 655 1155 721 modi

68 756 159 820 cuius
177 754 282 819 exitus
300 774 339 819 ex
355 752 460 817 altera
475 757 570 835 parte
588 752 717 818 caedem
735 758 888 834 ostentat,
911 775 951 819 ex
967 754 1073 820 altera
1090 777 1155 821 ser-

55 879 91 920 m.
124 854 198 934 Qno
214 855 248 918 in
266 852 411 937 periculo
428 872 492 918 non
513 852 597 917 nihil
618 872 669 917 me
691 853 885 933 consolatur,
909 873 982 918 cum
1002 854 1154 921 recordor
1181 868 1198 920 2

55 978 98 1021 ne
119 963 191 1022 tum
212 953 340 1033 vidisse,
362 973 434 1018 cum
456 951 613 1018 secundas
630 954 728 1018 etiam
747 973 798 1018 res
814 960 952 1032 nostras,
975 973 1040 1018 non
1058 955 1156 1021 modo

55 1079 107 1137 tas,
139 1053 404 1140 pertimescebam
434 1052 659 1136 videbamque,
690 1059 813 1137 quante
843 1052 986 1137 periculo
1018 1052 1059 1119 de
1084 1054 1154 1120 iure

55 1180 79 1224 ὀ
107 1158 343 1239 disceptaretur
364 1153 480 1218 armis:
514 1153 634 1236 quibus
656 1154 684 1218 si
704 1154 728 1218 ii
749 1155 906 1236 vicissent,
929 1153 1074 1237 adquae
1096 1176 1155 1237 ego

64 1280 129 1343 spe,
160 1277 226 1323 non
258 1254 334 1319 belli
356 1253 535 1336 cupiditate
557 1253 718 1319 adductus
739 1274 944 1335 accesseram,
976 1260 1085 1321 tamen
1106 1257 1154 1321 in-

55 1362 148 1437 tbam,
179 1362 212 1422 et
240 1357 398 1420 iratorum
429 1353 595 1419 hominum
626 1359 659 1418 et
680 1354 871 1436 cupidorum
892 1359 925 1419 et
947 1355 1154 1421 insolentium

65 1456 204 1524 crudelis
225 1460 309 1520 esset
331 1455 443 1519 futura
465 1454 609 1535 victoria,
630 1455 807 1520 sinautem
824 1455 901 1520 victi
919 1461 1033 1536 essent,
1052 1478 1154 1540 quan-

55 1559 172 1626 teritus
194 1563 277 1623 esset
298 1555 429 1620 futurus
453 1555 570 1620 civium
590 1555 710 1639 partim
729 1555 1012 1638 amplissimorum,
1033 1558 1155 1642 partim

68 1660 276 1744 optimorum,
302 1657 358 1741 qui
380 1677 432 1722 me
453 1657 533 1722 haec
553 1655 794 1740 praedicentem
816 1663 915 1741 atque
937 1659 1058 1741 optime
1080 1680 1154 1725 con·

55 1784 105 1828 em
127 1760 226 1826 saluti
247 1780 325 1824 suae
346 1758 511 1824 malebant
531 1760 667 1824 nimium
690 1759 840 1824 timidum
862 1780 962 1843 quam
979 1762 1060 1826 satis
1077 1783 1153 1846 pru·

55 1861 280 1928 nexistimari.

59 1963 122 2030 uod
141 1969 251 2028 autem
269 1960 350 2026 mihi
367 1960 406 2026 de
423 1981 471 2041 ec,
489 1961 575 2048 quod
592 1960 725 2043 egerim,
748 1962 936 2045 gratularis,
958 1963 1056 2029 teitu
1074 1964 1154 2029 velle
1179 1979 1196 2032 3

56 2068 143 2145 sci03
166 2063 222 2129 sed
244 2082 303 2145 ego
326 2071 392 2127 tam
415 2061 531 2126 misero
552 2067 696 2145 tempore
713 2061 796 2127 nihil
812 2063 887 2128 novi
909 2064 1036 2130 consilii
1053 2066 1153 2149 cepis-

55 2167 107 2230 1iei
129 2165 162 2229 in
185 2164 291 2229 reditu
313 2183 384 2228 mec
405 2162 508 2237 nihilo
525 2161 675 2229 meliores
690 2183 741 2228 res
758 2162 952 2229 domesticas
970 2186 1068 2249 quam
1086 2186 1154 2232 rem

55 2504 334 2573 ingentiberzeugen.
352 2532 385 2542 -
403 2511 449 2554 aut
458 2503 529 2555 dem'·
570 2502 632 2555 eine
650 2500 739 2570 Frage
755 2502 803 2556 des
815 2501 1019 2568 Staatsrechts;
1038 2506 1093 2573 vgl.
1108 2505 1153 2561 die

55 2590 94 2642 ler
112 2606 157 2642 am
175 2587 256 2641 Ende
282 2584 353 2640 auch
371 2601 432 2638 nur.
450 2613 483 2622 -
499 2587 530 2637 ia
571 2585 669 2639 Worte
686 2603 736 2640 aus
747 2587 812 2640 dem
821 2586 988 2641 berdhmten
998 2588 1153 2658 Fragment

55 2675 86 2725 di
102 2669 174 2738 dello]
193 2671 232 2722 im
250 2668 461 2738 Biirgerkriege,
479 2669 529 2723 der
569 2686 624 2725 von
649 2669 769 2724 Ennius'
792 2672 921 2725 Annalen
939 2671 970 2726 V.
996 2676 1046 2729 276
1062 2672 1081 2726 f.
1107 2674 1153 2727 bei

55 2757 86 2808 rit
104 2756 154 2808 der
171 2752 302 2806 Schlacht
328 2769 382 2805 von
400 2751 527 2820 Thapsus
569 2753 639 2807 Gall.
657 2753 690 2808 N.
709 2757 741 2807 A.
759 2753 822 2823 XX,
844 2759 883 2823 10,
900 2759 932 2809 4:
953 2759 1015 2810 Nom
1040 2775 1071 2810 ea
1095 2759 1153 2811 iure

55 2839 121 2892 nicht
147 2856 180 2891 zu
205 2836 283 2890 Ende
309 2836 355 2889 ist,
390 2836 457 2888 Man
482 2835 529 2889 be·
569 2849 837 2905 manwmcouaertum,
854 2842 989 2908 eedmapia
1000 2841 1152 2907 ferroRem

56 2923 111 2975 den
137 2921 281 2974 Indiketiv
306 2930 424 2974 ostentat.
445 2949 480 2958 -
497 2938 529 2974 ee
568 2931 686 2989 repetunt
702 2940 859 2992 repertumque
873 2934 974 2991 petunt,
998 2925 1098 2975 aaduut
1115 2943 1153 2976 ro·

55 3014 130 3072 parte
158 3004 273 3073 caedem]
306 3004 451 3058 vonseiten
477 3003 528 3058 der
568 3007 625 3058 lida
641 3007 668 3058 m‘
684 3003 751 3074 (ng.
768 3007 834 3060 fam.
852 3007 912 3072 VII,
928 3010 967 3076 13,
979 3007 1014 3074 2).
1031 3036 1064 3045 -
1081 3011 1153 3076 eupi-

60 3107 135 3155 aner,
144 3108 224 3144 wenn
233 3089 271 3142 sie
280 3088 319 3141 im
329 3086 527 3154 hispanischen
568 3088 670 3163 mrum]
682 3090 888 3160 selbstsiicbtig,
902 3090 1078 3160 habsiichtig,
1096 3093 1153 3160 vgl.

65 3176 158 3242 siegen
178 3173 301 3226 wiirden.
333 3171 441 3225 Cassius
459 3172 526 3226 iam.
568 3173 668 3227 Parad.
695 3172 741 3235 Vl,
758 3176 783 3240 3,
801 3175 849 3226 51:
878 3193 931 3227 uam
956 3192 1008 3228 erae
1029 3177 1152 3242 cupidum

55 3299 60 3325 ,
77 3261 110 3310 4:
129 3257 193 3323 Seia,
213 3256 258 3308 On.
271 3255 429 3323 (Pompeius)
446 3275 527 3324 quam
564 3258 680 3325 perucia
697 3266 733 3310 est
750 3256 809 3311 und
826 3274 869 3325 ep.
882 3260 923 3325 26,
932 3259 957 3312 t.
970 3259 1055 3313 Glisas
1064 3259 1153 3314 zeieh·

55 3359 100 3402 ur,·
127 3343 190 3407 reie,
208 3359 257 3407 quo
266 3342 340 3393 rudo
348 3342 526 3394 crudelitatem
568 3344 617 3393 net
633 3340 678 3394 dic
695 3340 878 3409 Pompejaner
900 3341 970 3396 auch
987 3360 1042 3397 vcn
1059 3343 1151 3398 dieser

55 3444 60 3476 ι
75 3434 155 3490 putet.
568 3423 643 3477 Seite
659 3424 956 3481 inseinerbekannten
966 3426 1150 3496 Schilderung

256 3497 258 3502 ’
563 3507 590 3561 b.
608 3507 717 3573 cimlll,
734 3509 775 3575 85,
793 3509 820 3563 t:
837 3527 922 3563 ommes
939 3521 985 3563 aut
1001 3513 1033 3564 de
1047 3513 1150 3565 tamari.

55 3611 75 3643 m
111 3593 315 3658 pertimescebam
348 3589 521 3659 videbamque]
564 3593 610 3644 bue
627 3593 680 3643 eutr
701 3600 748 3643 aut
764 3593 797 3644 de
810 3594 936 3660 praemiis
958 3596 1085 3661 pecuniae
1102 3605 1150 3646 aut

55 3677 100 3729 ral·
120 3675 178 3728 und
192 3674 449 3744 Bedingungss'dtze
468 3679 524 3728 tre·
565 3677 597 3728 de
610 3676 795 3743 persequendis
807 3677 950 3730 inimicitiis
962 3680 1077 3745 aqebaut,
1094 3693 1149 3744 uec,

57 3759 105 3813 der
122 3760 205 3812 oratic
218 3761 319 3827 obliqua
336 3758 415 3812 nicht
432 3759 523 3813 seiten
565 3760 654 3826 quum
670 3760 814 3811 rationetur
831 3777 955 3828 raperere
968 3770 1080 3829 portent,
1105 3762 1150 3812 aed

55 3842 114 3911 rdig
141 3843 194 3895 mit
211 3842 273 3897 dem
295 3842 439 3896 Indiketiv
456 3841 507 3896 auf
517 3863 523 3897 :
564 3859 638 3911 quem
655 3844 692 3894 ad
708 3842 813 3897 medum
837 3846 876 3897 uti
892 3846 999 3898 uictoria
1024 3845 1149 3910 deberent,

55 3928 94 3991 48,
104 3929 131 3979 1:
150 3926 297 3979 besonders
310 3928 339 3979 in
352 3927 401 3980 der
414 3943 523 3996 zweng·
564 3930 715 3997 capitatam.
749 3927 811 3996 Vgl.
827 3927 899 3981 auch
917 3927 987 3981 oben
1003 3944 1046 3995 ep.
1064 3929 1105 3994 74,
1120 3927 1148 3993 8;

65 4009 188 4077 Sprache
212 4010 262 4063 der
279 4010 388 4064 Briefe:
416 4010 462 4065 bei
476 4031 523 4080 pe·
564 4013 605 4079 75,
634 4017 664 4081 13
690 4015 731 4079 89,
750 4015 778 4081 3;
806 4015 894 4081 109,1
923 4010 982 4064 und
1000 4010 1148 4064 besonders

55 4113 69 4144 u
86 4110 129 4160 ep.
147 4096 171 4159 2,
189 4095 221 4161 43
238 4094 523 4164 Aein.ep.141,1;X,
565 4098 622 4164 103,
640 4099 656 4151 6
673 4097 730 4151 und
748 4098 789 4163 96,
805 4099 830 4151 2.
847 4124 882 4134 —
898 4096 1007 4147 mimium
1016 4091 1147 4161 ammam]

55 4187 184 4245 autequam
201 4179 261 4230 Att.
274 4177 347 4244 XIV,
364 4181 407 4247 22,
425 4183 448 4245 l;
465 4198 522 4233 eum
564 4198 636 4251 ganz
662 4181 774 4235 ithnlich
800 4196 852 4248 prc
873 4178 997 4233 Marcell.
1023 4180 1073 4231 21:
1101 4186 1148 4227 tua

55 4262 110 4328 ,43
137 4260 204 4314 fam.
220 4260 292 4328 XVI,
310 4263 360 4329 243
376 4262 421 4316 bei
438 4264 461 4315 ei
478 4261 522 4331 (zu
564 4266 630 4319 emim
649 4267 734 4317 cautio
751 4272 841 4316 mostra
859 4263 942 4314 cautio
965 4271 1008 4329 eat,
1025 4270 1063 4328 ut,
1079 4263 1103 4313 si
1118 4265 1147 4314 e'rt

66 4346 98 4412 5;
126 4347 167 4412 24,
192 4348 223 4413 33
249 4347 292 4413 43,
309 4346 341 4412 5;
367 4346 408 4413 59,
425 4348 454 4414 23
480 4349 522 4414 68,
564 4349 689 4400 alterutra
705 4347 866 4414 peccandum
897 4347 939 4410 eit,
955 4347 1043 4398 malim
1064 4346 1148 4398 uideri

55 4431 75 4483 le
92 4432 150 4483 iure
165 4431 268 4497 publico
346 4429 435 4499 armis]
455 4429 523 4485 iiber
563 4432 639 4483 mimir
657 4431 762 4483 timidam
779 4448 857 4497 quam
872 4448 967 4497 parum
982 4431 1109 4496 prudent.

963 4601 1007 4656 ‘m
