2602 4890
114 179 175 241 446
536 174 582 229 Ad
599 176 665 230 fam.
682 174 717 241 X,
734 176 775 231 28.
792 175 856 242 XII,
873 177 897 230 5.
1116 175 1202 244 [Epll

71 376 87 426 3
197 341 291 419 Quod
320 341 382 406 nisi
412 361 463 405 res
493 341 638 407 urbanas
664 347 803 427 actaque
825 343 934 409 omnia
959 341 1003 406 ad
1025 346 1059 406 te
1080 341 1202 425 perferri

113 448 228 522 trarer,
251 443 318 524 ipse
339 442 581 526 perscriberem,
604 463 802 526 quamquam
820 464 909 509 eram
931 443 1082 507 maximis
1104 463 1202 527 occupa

112 544 174 609 bns
196 542 377 627 impeditus.
420 542 482 608 Sed
512 543 572 608 illa
593 564 766 625 cognosces
788 566 828 609 ex
850 545 940 623 aliis;
971 567 992 608 a
1014 564 1065 609 me
1086 565 1193 628 pauca,

111 645 316 710 summatim:
338 644 496 709 habemus
514 645 634 709 fortem
652 652 810 726 senatum,
832 645 1017 710 consulares
1039 646 1160 727 partim
1176 646 1202 710 ti:

14 782 18 791 ·
111 745 233 828 partim
254 745 338 810 male
355 744 548 823 sentientes;
570 766 723 826 magnum
746 745 901 810 damnum
923 746 1049 810 iactum
1072 754 1120 810 est
1141 746 1202 811 int

112 847 147 910 L.
169 844 288 911 Caesar
310 847 431 929 optime
448 846 558 924 sentit,
581 845 646 926 sed,
670 847 757 930 quod
780 847 958 912 avunculus
980 853 1038 925 est,
1062 867 1128 911 non
1150 867 1202 911 ace

111 948 191 1012 dicit
213 950 408 1025 sententias3
432 949 581 1013 consules
603 949 734 1029 egregii,
755 949 944 1031 praeclarus
966 947 1005 1013 D.
1022 947 1154 1026 Brutus,
1175 969 1202 1029 eg

111 1071 191 1133 puer
210 1049 342 1128 Caesar,
364 1050 486 1133 dequo
504 1071 598 1132 spero
617 1050 767 1132 equidem
785 1049 922 1132 reliqua,
941 1051 1005 1114 hoc
1021 1070 1099 1114 vero
1122 1056 1202 1112 certu

112 1151 197 1227 beto,
220 1149 283 1213 nisi
304 1149 359 1214 ille
381 1158 550 1215 veteranos
578 1150 725 1214 celeriter
747 1151 989 1233 conscripsisset
1010 1150 1202 1232 legionesqu

110 1251 150 1314 de
172 1250 314 1315 exercitu
337 1250 469 1314 Antonii
501 1250 543 1314 ad
566 1251 635 1314 eius
656 1271 689 1314 se
720 1251 953 1315 anctoritatem
983 1250 1192 1315 eontulissent

110 1352 137 1416 is
159 1353 326 1434 oppositus
352 1357 435 1414 esset
457 1356 563 1415 terror
585 1350 737 1430 Antonio,
768 1350 850 1415 nihil
873 1351 1051 1416 Antonium
1073 1352 1202 1435 sceleris,

109 1450 314 1516 crudelitatis
336 1453 589 1534 praeteriturum
613 1451 719 1516 fuisse.
762 1451 852 1516 Haec
874 1453 945 1532 tibi,
967 1454 1029 1517 etsi
1048 1455 1163 1520 andita
1180 1478 1202 1521 es

109 1551 268 1630 bitrabar,
292 1551 380 1616 volui
400 1558 510 1616 tamen
540 1552 670 1617 notiora
692 1573 768 1618 esse.
811 1550 913 1617 Plura
935 1554 1085 1632 scribam,
1115 1558 1143 1620 si
1164 1558 1202 1638 ph

110 1651 266 1717 habuero.

504 1818 930 1905 summm&

270 1969 327 2024 Ser.
346 1971 451 2024 Romae
469 1976 590 2025 exeunte
609 1988 705 2025 mense
722 1970 874 2025 Februario
892 1974 925 2025 A.
944 1971 978 2027 U.
996 1973 1024 2028 0.
1042 1979 1093 2029 710
1110 1974 1172 2043 (43).

502 2102 658 2168 CICERO
681 2103 825 2170 CASSIO
848 2103 934 2169 SAL.

69 2301 82 2350 1
192 2270 337 2335 Hiemem
359 2269 455 2335 credo
478 2269 583 2334 adhuc
604 2271 818 2353 prohibuisse,
841 2293 907 2356 quo
930 2273 1037 2339 minus
1071 2276 1110 2340 de
1140 2281 1202 2341 tec

108 2370 310 2451 haberemus,
333 2370 412 2453 quid
433 2392 544 2452 ageres
565 2372 767 2455 maximeque
789 2372 845 2437 ubi
875 2393 976 2453 esses3
1009 2373 1203 2458 loquebantn

109 2491 166 2535 nes
188 2476 297 2535 tamen
318 2471 486 2550 -credo,
509 2472 595 2554 quod
619 2472 773 2537 volebant
795 2510 837 2521 -
859 2475 893 2537 in
915 2473 1011 2557 Syria
1043 2481 1077 2539 te
1099 2476 1202 2555 esse,l

111 2575 237 2654 copiae,
268 2572 302 2635 id
329 2578 438 2636 autem
460 2593 497 2637 eo
520 2573 648 2637 facilius
679 2574 883 2652 credebatur,
917 2575 995 2657 quia
1016 2575 1121 2639 simile
1147 2578 1202 2640 veri

112 2674 216 2737 hatur.
259 2672 383 2735 Brutus
405 2673 533 2754 quidem
558 2680 668 2737 noster
691 2674 854 2755 egregiam
880 2672 1010 2737 landem
1043 2681 1092 2739 est
1115 2697 1201 2741 conse

109 2795 161 2838 res
183 2774 266 2838 enim
286 2779 396 2837 tantas
413 2773 511 2854 gessit
529 2779 662 2855 tamque
679 2774 875 2856 inopinatae,
897 2781 935 2837 nt
953 2795 1010 2838 eae
1029 2797 1103 2839 cum
1121 2798 1202 2859 pers

111 2880 165 2939 tae
193 2879 306 2953 essent,
339 2881 409 2938 tum
433 2874 612 2939 ornatiores
643 2882 776 2957 propter
807 2876 1016 2941 celeritatem.
1060 2876 1155 2952 Quod
1175 2877 1198 2941 si

109 2983 209 3054 tenea,
232 2997 315 3059 quae
337 2982 501 3059 putamus,
525 2974 649 3057 magnis
680 2976 831 3041 subsidiis
853 2977 938 3041 fulta
968 2978 1170 3061 respublica
1198 3001 1202 3037 ι

143 3246 167 3298 3,
189 3245 304 3313 actaque]
323 3264 357 3297 zu
374 3262 417 3312 ep.
435 3248 477 3311 90,
496 3249 520 3297 4.
541 3274 569 3283 -
589 3247 618 3296 ia
635 3245 695 3298 Ser·
772 3248 795 3297 1.
813 3255 909 3298 eertum
939 3245 1101 3314 haberemus]
1129 3265 1162 3300 zu
1181 3263 1202 3313 e}

109 3330 159 3392 oio]
178 3327 252 3381 Einl.
270 3347 303 3381 zu
321 3345 363 3395 ep.
382 3330 422 3381 79.
440 3357 471 3366 -
491 3329 523 3382 L.
547 3330 657 3382 water.
671 3369 694 3382 ..
738 3357 768 3366 —-
787 3347 844 3395 eece,
862 3327 962 3394 tabae]
973 3328 1042 3381 iiber
1052 3330 1103 3382 das
1113 3331 1202 3398 Asyud

110 3408 264 3480 anchardus]
282 3430 314 3464 zu
333 3428 376 3478 ep.
390 3414 447 3473 127,
465 3415 491 3471 3:
510 3429 541 3466 er
559 3413 695 3466 hatteam
738 3430 782 3481 ep.
800 3414 826 3478 5,
847 3416 915 3467 8.-
931 3414 1025 3465 hahere
1042 3413 1143 3482 copiae]
1155 3415 1202 3468 diet

110 3497 135 3546 2.
161 3494 286 3547 Febrnar
312 3495 500 3561 gesproehen:
528 3495 598 3548 Phil.
622 3496 696 3556 VIII,
738 3496 811 3549 richt
839 3496 992 3563 bestitigte
1014 3496 1075 3549 sich
1103 3498 1191 3562 anob3

113 3583 142 3630 1:
168 3579 228 3629 aicit
255 3579 288 3630 L.
310 3578 437 3640 (laeseris,
464 3581 618 3645 amplissimi
644 3581 696 3631 oiri
737 3579 839 3631 erhielt
863 3595 917 3631 von
944 3579 998 3632 den
1019 3579 1202 3636 Statthalteri

112 3660 265 3728 (sententia),
294 3663 338 3727 qui
356 3663 425 3713 verbi
443 3664 575 3714 atrocitate
592 3665 696 3726 dempta
737 3664 799 3715 rien
827 3662 886 3714 und
911 3661 1065 3728 Bithynien
1094 3665 1160 3720 ihre
1185 3667 1202 3719 l

110 3747 226 3796 oratioue
249 3745 308 3810 fuit
333 3763 412 3811 quam
437 3748 562 3798 sententia
597 3748 693 3805 leuior-,¹
738 3763 771 3797 zu
789 3744 879 3798 seiher
896 3744 1069 3814 Verfiigung,
1098 3765 1202 3803 wozur

110 3847 268 3896 quamquam
284 3830 307 3879 ie
324 3830 435 3894 quidem,
462 3839 521 3881 ante
546 3847 624 3896 qaam
641 3847 696 3880 sen·
738 3828 921 3882 Streithriifte
938 3829 986 3881 des
1001 3828 1125 3885 C'a'cilins
1135 3834 1202 3887 Base

111 3915 217 3964 tentiam
244 3914 345 3977 diceret,
376 3913 597 3980 propinquitatem
622 3931 695 3964 exca-
738 3932 772 3965 zu
790 3930 834 3980 ep.
854 3912 911 3977 106)
939 3913 996 3965 und
1024 3914 1086 3967 vler
1105 3916 1202 3986 Legi01

111 3998 183 4046 savit.
202 4026 234 4034 -
251 3998 409 4063 lapioneeque
426 3993 505 4062 duae]
528 4012 556 4047 er
575 3995 696 4049 wardia
738 3987 872 4064 hgypten
897 3996 1006 4048 kamen.
1034 4026 1069 4034 -
1098 4001 1200 4053 Brutia

111 4081 175 4143 Iepio
193 4082 293 4131 Martia
311 4080 368 4131 und
386 4089 489 4147 quarta.
738 4078 836 4147 noster]
854 4079 890 4131 M.
909 4078 1023 4140 Brutus,
1042 4082 1169 4137 welcher
1186 4102 1202 4136 s:

146 4160 224 4213 CXL.
252 4162 294 4214 Zu
321 4162 426 4214 diesem
453 4161 546 4215 Briefe
572 4163 627 4230 vgl.
650 4163 696 4214 be·
738 4162 876 4214 chenlend
894 4163 952 4215 und
970 4163 1055 4217 einen
1073 4183 1193 4233 grossen

113 4242 226 4294 sonders
254 4243 323 4296 Phil.
350 4244 375 4296 X
404 4244 483 4312 (iiber
508 4245 548 4298 IX
570 4246 644 4300 Einl.
662 4265 696 4300 zu
739 4245 921 4299 Macedonien
939 4246 1202 4314 undIllyriennnti

113 4343 157 4392 ep.
183 4326 236 4391 80).
279 4314 354 4381 Ilber
371 4329 416 4381 die
440 4328 696 4399 Zeitbestimmung
739 4328 827 4382 batte.
847 4357 874 4368 -
895 4333 1025 4398 eprepiam
1043 4335 1165 4400 laudam]
1184 4352 1202 4388 s.

114 4407 203 4461 Ruete
221 4426 248 4476 p.
266 4412 307 4463 45.
