<?xml version="1.0" encoding="UTF-8"?>
<!DOCTYPE html PUBLIC "-//W3C//DTD XHTML 1.0 Transitional//EN"
    "http://www.w3.org/TR/xhtml1/DTD/xhtml1-transitional.dtd">
<html xmlns="http://www.w3.org/1999/xhtml" xml:lang="en" lang="en">
 <head>
  <title>
</title>
<meta http-equiv="Content-Type" content="text/html;charset=utf-8" />
  <meta name='ocr-system' content='tesseract 3.04.00' />
  <meta name='ocr-capabilities' content='ocr_page ocr_carea ocr_par ocr_line ocrx_word'/>
</head>
<body>
  <div class='ocr_page' id='page_1' title='image "./epistulaeselect00boecgoog_0389.png"; bbox 0 0 2602 4890; ppageno 0'>
   <div class='ocr_carea' id='block_1_1' title="bbox 113 176 1231 272">
    <p class='ocr_par' dir='ltr' id='par_1_1' title="bbox 113 176 1231 272">
     <span class='ocr_line' id='line_1_1' title="bbox 113 176 1231 272; baseline -0.014 -24"><span class='ocrx_word' id='word_1_1' title='bbox 113 184 175 249; x_wconf 72' lang='lat'><strong>370</strong></span> <span class='ocrx_word' id='word_1_2' title='bbox 535 179 580 234; x_wconf 80' lang='lat' dir='ltr'><strong>au</strong></span> <span class='ocrx_word' id='word_1_3' title='bbox 597 179 663 272; x_wconf 68' lang='lat' dir='ltr'><strong>aa.</strong></span> <span class='ocrx_word' id='word_1_4' title='bbox 679 178 742 247; x_wconf 76' lang='grc' dir='ltr'><strong>ΧΗ,</strong></span> <span class='ocrx_word' id='word_1_5' title='bbox 761 181 800 235; x_wconf 83' lang='lat' dir='ltr'><strong>rr.</strong></span> <span class='ocrx_word' id='word_1_6' title='bbox 817 178 864 247; x_wconf 82' lang='lat' dir='ltr'><strong>vr,</strong></span> <span class='ocrx_word' id='word_1_7' title='bbox 881 182 904 233; x_wconf 93' lang='lat'><strong>1.</strong></span> <span class='ocrx_word' id='word_1_8' title='bbox 1125 176 1231 247; x_wconf 72' lang='lat' dir='ltr'><strong>[apro</strong></span> 
     </span>
    </p>
   </div>
   <div class='ocr_carea' id='block_1_2' title="bbox 63 344 1231 2036">
    <p class='ocr_par' dir='ltr' id='par_1_2' title="bbox 63 344 1231 533">
     <span class='ocr_line' id='line_1_2' title="bbox 63 344 1231 430; baseline -0.001 -16"><span class='ocrx_word' id='word_1_9' title='bbox 63 388 66 397; x_wconf 72' lang='lat'><em>‹</em></span> <span class='ocrx_word' id='word_1_10' title='bbox 113 369 273 414; x_wconf 90' lang='lat' dir='ltr'><strong>summum</strong></span> <span class='ocrx_word' id='word_1_11' title='bbox 296 346 401 413; x_wconf 88' lang='lat' dir='ltr'><strong>otium</strong></span> <span class='ocrx_word' id='word_1_12' title='bbox 422 350 480 427; x_wconf 86' lang='lat' dir='ltr'><strong>est,</strong></span> <span class='ocrx_word' id='word_1_13' title='bbox 501 345 556 412; x_wconf 91' lang='lat' dir='ltr'><strong>sed</strong></span> <span class='ocrx_word' id='word_1_14' title='bbox 573 347 631 426; x_wconf 89' lang='lat' dir='ltr'><strong>ita,</strong></span> <span class='ocrx_word' id='word_1_15' title='bbox 649 350 688 410; x_wconf 90' lang='lat' dir='ltr'><strong>ut</strong></span> <span class='ocrx_word' id='word_1_16' title='bbox 704 344 799 410; x_wconf 87' lang='lat' dir='ltr'><strong>malis</strong></span> <span class='ocrx_word' id='word_1_17' title='bbox 816 344 947 411; x_wconf 91' lang='lat' dir='ltr'><strong>salubre</strong></span> <span class='ocrx_word' id='word_1_18' title='bbox 956 344 1090 430; x_wconf 91' lang='lat' dir='ltr'><strong>aliquod</strong></span> <span class='ocrx_word' id='word_1_19' title='bbox 1100 349 1134 411; x_wconf 91' lang='lat' dir='ltr'><strong>et</strong></span> <span class='ocrx_word' id='word_1_20' title='bbox 1146 344 1231 413; x_wconf 77' lang='lat' dir='ltr'><strong>hone</strong></span> 
     </span>
     <span class='ocr_line' id='line_1_3' title="bbox 112 445 1169 533; baseline -0.001 -19"><span class='ocrx_word' id='word_1_21' title='bbox 112 449 294 532; x_wconf 86' lang='lat' dir='ltr'><strong>negotium:</strong></span> <span class='ocrx_word' id='word_1_22' title='bbox 317 448 404 533; x_wconf 92' lang='lat' dir='ltr'><strong>quod</strong></span> <span class='ocrx_word' id='word_1_23' title='bbox 426 468 520 531; x_wconf 92' lang='lat' dir='ltr'><strong>spero</strong></span> <span class='ocrx_word' id='word_1_24' title='bbox 540 447 628 527; x_wconf 88' lang='lat' dir='ltr'><strong>fore;</strong></span> <span class='ocrx_word' id='word_1_25' title='bbox 650 447 742 514; x_wconf 82' lang='lat' dir='ltr'><strong>video</strong></span> <span class='ocrx_word' id='word_1_26' title='bbox 763 447 796 512; x_wconf 90' lang='lat' dir='ltr'><strong>id</strong></span> <span class='ocrx_word' id='word_1_27' title='bbox 817 466 914 512; x_wconf 90' lang='lat' dir='ltr'><strong>curae</strong></span> <span class='ocrx_word' id='word_1_28' title='bbox 935 466 1004 513; x_wconf 87' lang='lat' dir='ltr'><strong>esse</strong></span> <span class='ocrx_word' id='word_1_29' title='bbox 1026 445 1169 513; x_wconf 78' lang='lat' dir='ltr'><strong>Caesari.</strong></span> 
     </span>
    </p>

    <p class='ocr_par' dir='ltr' id='par_1_3' title="bbox 70 546 1231 1433">
     <span class='ocr_line' id='line_1_4' title="bbox 70 546 1231 630; baseline -0.006 -11"><span class='ocrx_word' id='word_1_30' title='bbox 70 564 88 619; x_wconf 76' lang='lat'><strong>2</strong></span> <span class='ocrx_word' id='word_1_31' title='bbox 197 548 249 614; x_wconf 89' lang='lat' dir='ltr'><strong>Me</strong></span> <span class='ocrx_word' id='word_1_32' title='bbox 270 549 361 628; x_wconf 85' lang='lat' dir='ltr'><strong>scito,</strong></span> <span class='ocrx_word' id='word_1_33' title='bbox 384 546 460 612; x_wconf 93' lang='lat' dir='ltr'><strong>dum</strong></span> <span class='ocrx_word' id='word_1_34' title='bbox 482 553 519 613; x_wconf 88' lang='lat' dir='ltr'><strong>tu</strong></span> <span class='ocrx_word' id='word_1_35' title='bbox 541 547 637 627; x_wconf 87' lang='lat' dir='ltr'><strong>abeis,</strong></span> <span class='ocrx_word' id='word_1_36' title='bbox 659 546 753 630; x_wconf 85' lang='lat' dir='ltr'>quasi</span> <span class='ocrx_word' id='word_1_37' title='bbox 775 546 975 612; x_wconf 77' lang='lat' dir='ltr'><strong>occasionem</strong></span> <span class='ocrx_word' id='word_1_38' title='bbox 993 546 1159 629; x_wconf 90' lang='lat' dir='ltr'><strong>quandam</strong></span> <span class='ocrx_word' id='word_1_39' title='bbox 1176 546 1231 612; x_wconf 90' lang='lat' dir='ltr'><strong>etl</strong></span> 
     </span>
     <span class='ocr_line' id='line_1_5' title="bbox 112 645 1214 731; baseline -0.005 -15"><span class='ocrx_word' id='word_1_40' title='bbox 112 651 192 716; x_wconf 91' lang='lat' dir='ltr'><strong>tiam</strong></span> <span class='ocrx_word' id='word_1_41' title='bbox 212 654 345 715; x_wconf 89' lang='lat' dir='ltr'><strong>nactum</strong></span> <span class='ocrx_word' id='word_1_42' title='bbox 367 648 506 713; x_wconf 89' lang='lat' dir='ltr'><strong>scribere</strong></span> <span class='ocrx_word' id='word_1_43' title='bbox 528 647 693 727; x_wconf 88' lang='lat' dir='ltr'><strong>audacius,</strong></span> <span class='ocrx_word' id='word_1_44' title='bbox 715 652 749 712; x_wconf 90' lang='lat' dir='ltr'><strong>et</strong></span> <span class='ocrx_word' id='word_1_45' title='bbox 769 652 877 713; x_wconf 89' lang='lat' dir='ltr'><strong>cetera</strong></span> <span class='ocrx_word' id='word_1_46' title='bbox 903 646 1034 731; x_wconf 90' lang='lat' dir='ltr'><strong>quidem</strong></span> <span class='ocrx_word' id='word_1_47' title='bbox 1064 645 1214 725; x_wconf 86' lang='lat' dir='ltr'><strong>fortasse,</strong></span> 
     </span>
     <span class='ocr_line' id='line_1_6' title="bbox 113 746 1231 831; baseline -0.005 -15"><span class='ocrx_word' id='word_1_48' title='bbox 113 750 210 816; x_wconf 87' lang='lat' dir='ltr'><strong>etiam</strong></span> <span class='ocrx_word' id='word_1_49' title='bbox 232 755 270 815; x_wconf 88' lang='lat' dir='ltr'><strong>tu</strong></span> <span class='ocrx_word' id='word_1_50' title='bbox 292 747 499 827; x_wconf 83' lang='lat' dir='ltr'><strong>concederee3</strong></span> <span class='ocrx_word' id='word_1_51' title='bbox 529 747 585 813; x_wconf 91' lang='lat' dir='ltr'><strong>sed</strong></span> <span class='ocrx_word' id='word_1_52' title='bbox 605 747 751 831; x_wconf 86' lang='lat' dir='ltr'><strong>proxime</strong></span> <span class='ocrx_word' id='word_1_53' title='bbox 772 747 886 830; x_wconf 81' lang='lat' dir='ltr'>scripsi</span> <span class='ocrx_word' id='word_1_54' title='bbox 908 746 947 812; x_wconf 92' lang='lat' dir='ltr'><strong>de</strong></span> <span class='ocrx_word' id='word_1_55' title='bbox 980 746 1105 830; x_wconf 87' lang='lat' dir='ltr'><strong>optimo</strong></span> <span class='ocrx_word' id='word_1_56' title='bbox 1139 767 1231 829; x_wconf 86' lang='lat' dir='ltr'><strong>gener</strong></span> 
     </span>
     <span class='ocr_line' id='line_1_7' title="bbox 114 847 1231 932; baseline -0.004 -18"><span class='ocrx_word' id='word_1_57' title='bbox 114 849 214 929; x_wconf 92' lang='lat' dir='ltr'><strong>cendi,</strong></span> <span class='ocrx_word' id='word_1_58' title='bbox 237 849 357 931; x_wconf 92' lang='lat' dir='ltr'><strong>inquo</strong></span> <span class='ocrx_word' id='word_1_59' title='bbox 385 869 480 932; x_wconf 87' lang='lat' dir='ltr'><strong>saepe</strong></span> <span class='ocrx_word' id='word_1_60' title='bbox 509 849 693 930; x_wconf 86' lang='lat' dir='ltr'><strong>suspicatus</strong></span> <span class='ocrx_word' id='word_1_61' title='bbox 721 868 793 912; x_wconf 93' lang='lat' dir='ltr'><strong>sum</strong></span> <span class='ocrx_word' id='word_1_62' title='bbox 814 859 845 912; x_wconf 86' lang='lat' dir='ltr'><strong>te</strong></span> <span class='ocrx_word' id='word_1_63' title='bbox 868 868 888 912; x_wconf 90' lang='lat' dir='ltr'><strong>a</strong></span> <span class='ocrx_word' id='word_1_64' title='bbox 909 847 1029 912; x_wconf 92' lang='lat' dir='ltr'><strong>iudicio</strong></span> <span class='ocrx_word' id='word_1_65' title='bbox 1051 851 1176 926; x_wconf 88' lang='lat' dir='ltr'><strong>nostru,</strong></span> <span class='ocrx_word' id='word_1_66' title='bbox 1198 847 1231 911; x_wconf 74' lang='lat' dir='ltr'><strong>sir</strong></span> 
     </span>
     <span class='ocr_line' id='line_1_8' title="bbox 112 944 1231 1031; baseline -0.003 -18"><span class='ocrx_word' id='word_1_67' title='bbox 112 949 196 1029; x_wconf 93' lang='lat' dir='ltr'><strong>licet,</strong></span> <span class='ocrx_word' id='word_1_68' title='bbox 220 953 258 1013; x_wconf 90' lang='lat' dir='ltr'><strong>ut</strong></span> <span class='ocrx_word' id='word_1_69' title='bbox 280 947 410 1014; x_wconf 86' lang='lat' dir='ltr'><strong>doctum</strong></span> <span class='ocrx_word' id='word_1_70' title='bbox 438 946 601 1013; x_wconf 91' lang='lat' dir='ltr'><strong>hominem</strong></span> <span class='ocrx_word' id='word_1_71' title='bbox 632 948 674 1013; x_wconf 91' lang='lat' dir='ltr'><strong>ab</strong></span> <span class='ocrx_word' id='word_1_72' title='bbox 703 968 769 1013; x_wconf 91' lang='lat' dir='ltr'><strong>non</strong></span> <span class='ocrx_word' id='word_1_73' title='bbox 800 945 953 1027; x_wconf 91' lang='lat' dir='ltr'><strong>indocto,</strong></span> <span class='ocrx_word' id='word_1_74' title='bbox 985 947 1123 1031; x_wconf 86' lang='lat' dir='ltr'><strong>paulum</strong></span> <span class='ocrx_word' id='word_1_75' title='bbox 1152 944 1231 1010; x_wconf 93' lang='lat' dir='ltr'><strong>dissi</strong></span> 
     </span>
     <span class='ocr_line' id='line_1_9' title="bbox 114 1047 1231 1131; baseline -0.004 -17"><span class='ocrx_word' id='word_1_76' title='bbox 114 1049 191 1115; x_wconf 88' lang='lat' dir='ltr'><strong>huic</strong></span> <span class='ocrx_word' id='word_1_77' title='bbox 211 1055 249 1114; x_wconf 90' lang='lat' dir='ltr'><strong>tu</strong></span> <span class='ocrx_word' id='word_1_78' title='bbox 271 1048 357 1113; x_wconf 91' lang='lat' dir='ltr'><strong>libro</strong></span> <span class='ocrx_word' id='word_1_79' title='bbox 379 1048 517 1113; x_wconf 85' lang='lat' dir='ltr'><strong>maxime</strong></span> <span class='ocrx_word' id='word_1_80' title='bbox 538 1047 634 1113; x_wconf 86' lang='lat' dir='ltr'><strong>velim</strong></span> <span class='ocrx_word' id='word_1_81' title='bbox 661 1069 701 1112; x_wconf 89' lang='lat' dir='ltr'><strong>ex</strong></span> <span class='ocrx_word' id='word_1_82' title='bbox 722 1048 839 1127; x_wconf 89' lang='lat' dir='ltr'><strong>animo,</strong></span> <span class='ocrx_word' id='word_1_83' title='bbox 871 1048 897 1111; x_wconf 85' lang='lat' dir='ltr'><strong>si</strong></span> <span class='ocrx_word' id='word_1_84' title='bbox 928 1048 1045 1127; x_wconf 91' lang='lat' dir='ltr'><strong>minus,</strong></span> <span class='ocrx_word' id='word_1_85' title='bbox 1076 1048 1231 1131; x_wconf 68' lang='lat' dir='ltr'><strong>gratiae«</strong></span> 
     </span>
     <span class='ocr_line' id='line_1_10' title="bbox 114 1146 1231 1230; baseline 0.001 -17"><span class='ocrx_word' id='word_1_86' title='bbox 114 1148 297 1230; x_wconf 78' lang='lat' dir='ltr'><strong>suffragare.</strong></span> <span class='ocrx_word' id='word_1_87' title='bbox 340 1146 453 1212; x_wconf 84' lang='lat' dir='ltr'><strong>Dicam</strong></span> <span class='ocrx_word' id='word_1_88' title='bbox 476 1149 550 1225; x_wconf 89' lang='lat' dir='ltr'><strong>tuis,</strong></span> <span class='ocrx_word' id='word_1_89' title='bbox 573 1152 612 1212; x_wconf 91' lang='lat' dir='ltr'><strong>ut</strong></span> <span class='ocrx_word' id='word_1_90' title='bbox 633 1167 715 1225; x_wconf 92' lang='lat' dir='ltr'><strong>eum,</strong></span> <span class='ocrx_word' id='word_1_91' title='bbox 746 1147 774 1212; x_wconf 92' lang='lat' dir='ltr'><strong>si</strong></span> <span class='ocrx_word' id='word_1_92' title='bbox 803 1147 911 1228; x_wconf 85' lang='lat' dir='ltr'><strong>velint,</strong></span> <span class='ocrx_word' id='word_1_93' title='bbox 942 1147 1131 1213; x_wconf 79' lang='lat' dir='ltr'><strong>describant</strong></span> <span class='ocrx_word' id='word_1_94' title='bbox 1164 1148 1231 1214; x_wconf 64' lang='lat' dir='ltr'><strong>ad⁴</strong></span> 
     </span>
     <span class='ocr_line' id='line_1_11' title="bbox 115 1246 1231 1332; baseline -0.004 -17"><span class='ocrx_word' id='word_1_95' title='bbox 115 1251 266 1328; x_wconf 73' lang='lat' dir='ltr'><strong>mittant,</strong></span> <span class='ocrx_word' id='word_1_96' title='bbox 289 1253 370 1332; x_wconf 88' lang='lat' dir='ltr'><strong>puto</strong></span> <span class='ocrx_word' id='word_1_97' title='bbox 392 1248 487 1327; x_wconf 89' lang='lat' dir='ltr'><strong>enim,</strong></span> <span class='ocrx_word' id='word_1_98' title='bbox 509 1247 608 1313; x_wconf 90' lang='lat' dir='ltr'><strong>etiam</strong></span> <span class='ocrx_word' id='word_1_99' title='bbox 630 1248 657 1312; x_wconf 87' lang='lat' dir='ltr'><strong>si</strong></span> <span class='ocrx_word' id='word_1_100' title='bbox 678 1268 747 1313; x_wconf 90' lang='lat' dir='ltr'><strong>rem</strong></span> <span class='ocrx_word' id='word_1_101' title='bbox 769 1248 874 1312; x_wconf 90' lang='lat' dir='ltr'><strong>minus</strong></span> <span class='ocrx_word' id='word_1_102' title='bbox 896 1246 1061 1331; x_wconf 86' lang='lat' dir='ltr'><strong>probabis,</strong></span> <span class='ocrx_word' id='word_1_103' title='bbox 1084 1253 1195 1314; x_wconf 90' lang='lat' dir='ltr'><strong>tamen</strong></span> <span class='ocrx_word' id='word_1_104' title='bbox 1211 1248 1231 1312; x_wconf 81' lang='lat' dir='ltr'><strong>ir</strong></span> 
     </span>
     <span class='ocr_line' id='line_1_12' title="bbox 114 1346 1231 1433; baseline -0.003 -18"><span class='ocrx_word' id='word_1_105' title='bbox 114 1349 300 1428; x_wconf 85' lang='lat' dir='ltr'><strong>solitudine,</strong></span> <span class='ocrx_word' id='word_1_106' title='bbox 322 1347 479 1431; x_wconf 90' lang='lat' dir='ltr'><strong>quicquid</strong></span> <span class='ocrx_word' id='word_1_107' title='bbox 501 1369 522 1413; x_wconf 91' lang='lat' dir='ltr'><strong>a</strong></span> <span class='ocrx_word' id='word_1_108' title='bbox 542 1369 593 1413; x_wconf 91' lang='lat' dir='ltr'><strong>me</strong></span> <span class='ocrx_word' id='word_1_109' title='bbox 614 1347 794 1431; x_wconf 89' lang='lat' dir='ltr'><strong>profectum</strong></span> <span class='ocrx_word' id='word_1_110' title='bbox 816 1346 871 1427; x_wconf 91' lang='lat' dir='ltr'><strong>sit,</strong></span> <span class='ocrx_word' id='word_1_111' title='bbox 892 1347 1068 1433; x_wconf 85' lang='lat' dir='ltr'><strong>iucundum</strong></span> <span class='ocrx_word' id='word_1_112' title='bbox 1090 1348 1152 1413; x_wconf 93' lang='lat' dir='ltr'><strong>tibi</strong></span> <span class='ocrx_word' id='word_1_113' title='bbox 1174 1351 1231 1414; x_wconf 74' lang='lat' dir='ltr'><strong>forr</strong></span> 
     </span>
    </p>

    <p class='ocr_par' dir='ltr' id='par_1_4' title="bbox 72 1448 1231 2036">
     <span class='ocr_line' id='line_1_13' title="bbox 72 1448 1231 1533; baseline -0.002 -16"><span class='ocrx_word' id='word_1_114' title='bbox 72 1464 89 1517; x_wconf 82' lang='grc'><strong>3</strong></span> <span class='ocrx_word' id='word_1_115' title='bbox 197 1449 291 1529; x_wconf 82' lang='lat' dir='ltr'><strong>Quod</strong></span> <span class='ocrx_word' id='word_1_116' title='bbox 314 1449 394 1513; x_wconf 92' lang='lat' dir='ltr'><strong>mihi</strong></span> <span class='ocrx_word' id='word_1_117' title='bbox 416 1448 684 1514; x_wconf 75' lang='lat' dir='ltr'><strong>existimationem</strong></span> <span class='ocrx_word' id='word_1_118' title='bbox 706 1453 798 1513; x_wconf 91' lang='lat' dir='ltr'><strong>tuam</strong></span> <span class='ocrx_word' id='word_1_119' title='bbox 820 1449 1078 1533; x_wconf 80' lang='lat' dir='ltr'><strong>dignitatemque</strong></span> <span class='ocrx_word' id='word_1_120' title='bbox 1110 1468 1231 1515; x_wconf 86' lang='lat' dir='ltr'><strong>comme</strong></span> 
     </span>
     <span class='ocr_line' id='line_1_14' title="bbox 114 1549 1231 1634; baseline -0.001 -19"><span class='ocrx_word' id='word_1_121' title='bbox 114 1550 195 1615; x_wconf 89' lang='lat' dir='ltr'><strong>facie</strong></span> <span class='ocrx_word' id='word_1_122' title='bbox 217 1556 254 1615; x_wconf 93' lang='lat' dir='ltr'><strong>tu</strong></span> <span class='ocrx_word' id='word_1_123' title='bbox 278 1550 408 1634; x_wconf 89' lang='lat' dir='ltr'><strong>quidem</strong></span> <span class='ocrx_word' id='word_1_124' title='bbox 431 1550 574 1615; x_wconf 90' lang='lat' dir='ltr'><strong>omnium</strong></span> <span class='ocrx_word' id='word_1_125' title='bbox 595 1570 694 1629; x_wconf 91' lang='lat' dir='ltr'><strong>more,</strong></span> <span class='ocrx_word' id='word_1_126' title='bbox 717 1549 773 1614; x_wconf 92' lang='lat' dir='ltr'><strong>sed</strong></span> <span class='ocrx_word' id='word_1_127' title='bbox 794 1549 888 1615; x_wconf 80' lang='lat' dir='ltr'><strong>velim</strong></span> <span class='ocrx_word' id='word_1_128' title='bbox 910 1549 957 1614; x_wconf 91' lang='lat' dir='ltr'><strong>sic</strong></span> <span class='ocrx_word' id='word_1_129' title='bbox 978 1549 1151 1629; x_wconf 82' lang='lat' dir='ltr'><strong>existimes,</strong></span> <span class='ocrx_word' id='word_1_130' title='bbox 1175 1570 1231 1631; x_wconf 91' lang='lat' dir='ltr'><strong>me,</strong></span> 
     </span>
     <span class='ocr_line' id='line_1_15' title="bbox 115 1649 1231 1739; baseline 0.001 -25"><span class='ocrx_word' id='word_1_131' title='bbox 115 1649 229 1730; x_wconf 89' lang='lat' dir='ltr'><strong>amori,</strong></span> <span class='ocrx_word' id='word_1_132' title='bbox 252 1670 348 1733; x_wconf 92' lang='lat' dir='ltr'><strong>quem</strong></span> <span class='ocrx_word' id='word_1_133' title='bbox 369 1651 454 1739; x_wconf 86' lang='lat' dir='ltr'><strong>inter</strong></span> <span class='ocrx_word' id='word_1_134' title='bbox 476 1671 535 1716; x_wconf 88' lang='lat' dir='ltr'><strong>nos</strong></span> <span class='ocrx_word' id='word_1_135' title='bbox 557 1659 707 1716; x_wconf 88' lang='lat' dir='ltr'><strong>mutuum</strong></span> <span class='ocrx_word' id='word_1_136' title='bbox 738 1671 807 1717; x_wconf 88' lang='lat' dir='ltr'><strong>esse</strong></span> <span class='ocrx_word' id='word_1_137' title='bbox 837 1650 1036 1733; x_wconf 82' lang='lat' dir='ltr'><strong>intellegam,</strong></span> <span class='ocrx_word' id='word_1_138' title='bbox 1069 1650 1231 1734; x_wconf 87' lang='lat' dir='ltr'><strong>plurimun</strong></span> 
     </span>
     <span class='ocr_line' id='line_1_16' title="bbox 115 1748 1209 1834; baseline 0.001 -19"><span class='ocrx_word' id='word_1_139' title='bbox 115 1749 226 1830; x_wconf 86' lang='lat' dir='ltr'><strong>buam,</strong></span> <span class='ocrx_word' id='word_1_140' title='bbox 249 1755 320 1814; x_wconf 93' lang='lat' dir='ltr'><strong>tum</strong></span> <span class='ocrx_word' id='word_1_141' title='bbox 343 1749 529 1816; x_wconf 92' lang='lat' dir='ltr'><strong>desummo</strong></span> <span class='ocrx_word' id='word_1_142' title='bbox 556 1751 685 1833; x_wconf 85' lang='lat' dir='ltr'><strong>ingenio</strong></span> <span class='ocrx_word' id='word_1_143' title='bbox 716 1755 749 1816; x_wconf 89' lang='lat' dir='ltr'><strong>et</strong></span> <span class='ocrx_word' id='word_1_144' title='bbox 771 1751 810 1815; x_wconf 94' lang='lat' dir='ltr'><strong>de</strong></span> <span class='ocrx_word' id='word_1_145' title='bbox 831 1749 949 1815; x_wconf 90' lang='lat' dir='ltr'><strong>studiis</strong></span> <span class='ocrx_word' id='word_1_146' title='bbox 978 1748 1045 1815; x_wconf 84' lang='lat' dir='ltr'><strong>tuis</strong></span> <span class='ocrx_word' id='word_1_147' title='bbox 1074 1751 1209 1834; x_wconf 89' lang='lat' dir='ltr'><strong>optimis</strong></span> 
     </span>
     <span class='ocr_line' id='line_1_17' title="bbox 114 1850 1231 1935; baseline 0.002 -20"><span class='ocrx_word' id='word_1_148' title='bbox 114 1871 172 1933; x_wconf 92' lang='lat' dir='ltr'><strong>spe</strong></span> <span class='ocrx_word' id='word_1_149' title='bbox 194 1851 413 1935; x_wconf 88' lang='lat' dir='ltr'><strong>amplissimae</strong></span> <span class='ocrx_word' id='word_1_150' title='bbox 434 1851 603 1934; x_wconf 77' lang='lat' dir='ltr'><strong>dignitatis</strong></span> <span class='ocrx_word' id='word_1_151' title='bbox 620 1852 670 1918; x_wconf 86' lang='lat' dir='ltr'><strong>ita</strong></span> <span class='ocrx_word' id='word_1_152' title='bbox 690 1850 844 1930; x_wconf 88' lang='lat' dir='ltr'><strong>iudicare,</strong></span> <span class='ocrx_word' id='word_1_153' title='bbox 866 1856 905 1916; x_wconf 92' lang='lat' dir='ltr'><strong>ut</strong></span> <span class='ocrx_word' id='word_1_154' title='bbox 926 1851 1088 1916; x_wconf 90' lang='lat' dir='ltr'><strong>neminem</strong></span> <span class='ocrx_word' id='word_1_155' title='bbox 1110 1851 1172 1917; x_wconf 93' lang='lat' dir='ltr'><strong>tibi</strong></span> <span class='ocrx_word' id='word_1_156' title='bbox 1197 1873 1231 1917; x_wconf 89' lang='lat' dir='ltr'><strong>au</strong></span> 
     </span>
     <span class='ocr_line' id='line_1_18' title="bbox 115 1971 558 2036; baseline 0.002 -21"><span class='ocrx_word' id='word_1_157' title='bbox 115 1971 201 2031; x_wconf 89' lang='lat' dir='ltr'><strong>nam,</strong></span> <span class='ocrx_word' id='word_1_158' title='bbox 224 1972 407 2036; x_wconf 89' lang='lat' dir='ltr'><strong>comparem</strong></span> <span class='ocrx_word' id='word_1_159' title='bbox 429 1972 558 2035; x_wconf 90' lang='lat' dir='ltr'><strong>paucos.</strong></span> 
     </span>
    </p>
   </div>
   <div class='ocr_carea' id='block_1_3' title="bbox 405 2133 1054 2443">
    <p class='ocr_par' dir='ltr' id='par_1_5' title="bbox 405 2133 1054 2443">
     <span class='ocr_line' id='line_1_19' title="bbox 521 2133 931 2222; baseline -0.01 -21"><span class='ocrx_word' id='word_1_160' title='bbox 521 2133 615 2202; x_wconf 84' lang='lat' dir='ltr'><strong>cvn.</strong></span> <span class='ocrx_word' id='word_1_161' title='bbox 638 2135 693 2222; x_wconf 88' lang='lat' dir='ltr'><strong>(ad</strong></span> <span class='ocrx_word' id='word_1_162' title='bbox 715 2135 790 2200; x_wconf 80' lang='lat' dir='ltr'><strong>fam.</strong></span> <span class='ocrx_word' id='word_1_163' title='bbox 810 2133 866 2214; x_wconf 89' lang='lat' dir='ltr'><strong>Vl,</strong></span> <span class='ocrx_word' id='word_1_164' title='bbox 890 2133 931 2219; x_wconf 92' lang='lat'><strong>1.)</strong></span> 
     </span>
     <span class='ocr_line' id='line_1_20' title="bbox 417 2257 1032 2327; baseline -0.002 -14"><span class='ocrx_word' id='word_1_165' title='bbox 417 2257 473 2313; x_wconf 80' lang='lat' dir='ltr'><strong>Ser.</strong></span> <span class='ocrx_word' id='word_1_166' title='bbox 491 2258 597 2315; x_wconf 84' lang='lat' dir='ltr'><strong>Romae</strong></span> <span class='ocrx_word' id='word_1_167' title='bbox 615 2262 735 2315; x_wconf 84' lang='lat' dir='ltr'><strong>exeunte</strong></span> <span class='ocrx_word' id='word_1_168' title='bbox 752 2261 786 2314; x_wconf 78' lang='lat' dir='ltr'><strong>A.</strong></span> <span class='ocrx_word' id='word_1_169' title='bbox 803 2258 837 2314; x_wconf 85' lang='lat' dir='ltr'><strong>U.</strong></span> <span class='ocrx_word' id='word_1_170' title='bbox 855 2259 883 2314; x_wconf 84' lang='grc' dir='ltr'><strong>Ο.</strong></span> <span class='ocrx_word' id='word_1_171' title='bbox 901 2261 952 2316; x_wconf 80' lang='grc'><strong>708</strong></span> <span class='ocrx_word' id='word_1_172' title='bbox 970 2257 1032 2327; x_wconf 83' lang='grc'>(46).</span> 
     </span>
     <span class='ocr_line' id='line_1_21' title="bbox 405 2363 1054 2443; baseline 0.003 -15"><span class='ocrx_word' id='word_1_173' title='bbox 405 2363 447 2430; x_wconf 91' lang='grc' dir='ltr'><strong>Μ.</strong></span> <span class='ocrx_word' id='word_1_174' title='bbox 470 2364 627 2432; x_wconf 82' lang='lat' dir='ltr'>CICERO</span> <span class='ocrx_word' id='word_1_175' title='bbox 648 2364 677 2431; x_wconf 83' lang='lat' dir='ltr'><strong>S.</strong></span> <span class='ocrx_word' id='word_1_176' title='bbox 700 2364 738 2432; x_wconf 91' lang='lat' dir='ltr'><strong>D.</strong></span> <span class='ocrx_word' id='word_1_177' title='bbox 759 2366 796 2430; x_wconf 82' lang='grc' dir='ltr'><strong>Α.</strong></span> <span class='ocrx_word' id='word_1_178' title='bbox 817 2363 1054 2443; x_wconf 82' lang='lat' dir='ltr'><strong>TORQUATO.</strong></span> 
     </span>
    </p>
   </div>
   <div class='ocr_carea' id='block_1_4' title="bbox 74 2484 1230 2568">
    <p class='ocr_par' dir='ltr' id='par_1_6' title="bbox 74 2484 1230 2568">
     <span class='ocr_line' id='line_1_22' title="bbox 74 2484 1230 2568; baseline 0.003 -22"><span class='ocrx_word' id='word_1_179' title='bbox 74 2496 88 2546; x_wconf 92' lang='lat'>1</span> <span class='ocrx_word' id='word_1_180' title='bbox 202 2484 275 2549; x_wconf 87' lang='lat' dir='ltr'><strong>Etsi</strong></span> <span class='ocrx_word' id='word_1_181' title='bbox 296 2505 337 2550; x_wconf 89' lang='lat' dir='ltr'><strong>ea</strong></span> <span class='ocrx_word' id='word_1_182' title='bbox 358 2485 563 2568; x_wconf 87' lang='lat' dir='ltr'><strong>perturbatio</strong></span> <span class='ocrx_word' id='word_1_183' title='bbox 594 2492 643 2553; x_wconf 90' lang='lat' dir='ltr'><strong>est</strong></span> <span class='ocrx_word' id='word_1_184' title='bbox 674 2487 816 2553; x_wconf 91' lang='lat' dir='ltr'><strong>omnium</strong></span> <span class='ocrx_word' id='word_1_185' title='bbox 846 2508 964 2568; x_wconf 88' lang='lat' dir='ltr'><strong>rerum,</strong></span> <span class='ocrx_word' id='word_1_186' title='bbox 995 2492 1034 2552; x_wconf 94' lang='lat' dir='ltr'><strong>ut</strong></span> <span class='ocrx_word' id='word_1_187' title='bbox 1062 2505 1142 2552; x_wconf 90' lang='lat' dir='ltr'><strong>suae</strong></span> <span class='ocrx_word' id='word_1_188' title='bbox 1173 2505 1230 2568; x_wconf 92' lang='lat' dir='ltr'><strong>que</strong></span> 
     </span>
    </p>
   </div>
   <div class='ocr_carea' id='block_1_5' title="bbox 112 2653 1232 4560">
    <p class='ocr_par' dir='ltr' id='par_1_7' title="bbox 112 2653 1232 3142">
     <span class='ocr_line' id='line_1_23' title="bbox 112 2653 1232 2723; baseline 0 -18"><span class='ocrx_word' id='word_1_189' title='bbox 112 2653 240 2723; x_wconf 89' lang='lat' dir='ltr'><strong>bindung</strong></span> <span class='ocrx_word' id='word_1_190' title='bbox 268 2654 335 2710; x_wconf 87' lang='lat' dir='ltr'><strong>fam.</strong></span> <span class='ocrx_word' id='word_1_191' title='bbox 360 2654 409 2721; x_wconf 91' lang='lat' dir='ltr'><strong>III,</strong></span> <span class='ocrx_word' id='word_1_192' title='bbox 429 2658 468 2721; x_wconf 90' lang='lat'><strong>10,</strong></span> <span class='ocrx_word' id='word_1_193' title='bbox 487 2657 519 2708; x_wconf 88' lang='lat'><strong>3:</strong></span> <span class='ocrx_word' id='word_1_194' title='bbox 544 2656 704 2722; x_wconf 74' lang='lat' dir='ltr'><strong>Pomptinus,</strong></span> <span class='ocrx_word' id='word_1_195' title='bbox 778 2654 1082 2713; x_wconf 77' lang='lat' dir='ltr'><strong>CVII.A.Manliue</strong></span> <span class='ocrx_word' id='word_1_196' title='bbox 1100 2653 1232 2722; x_wconf 81' lang='lat' dir='ltr'><strong>Torqu:</strong></span> 
     </span>
     <span class='ocr_line' id='line_1_24' title="bbox 122 2738 1231 2807; baseline -0.005 -15"><span class='ocrx_word' id='word_1_197' title='bbox 122 2778 147 2792; x_wconf 89' lang='lat'><strong>..</strong></span> <span class='ocrx_word' id='word_1_198' title='bbox 165 2738 290 2788; x_wconf 80' lang='lat' dir='ltr'><strong>cuiastui</strong></span> <span class='ocrx_word' id='word_1_199' title='bbox 307 2738 427 2804; x_wconf 77' lang='lat' dir='ltr'><strong>beneficii</strong></span> <span class='ocrx_word' id='word_1_200' title='bbox 443 2755 499 2789; x_wconf 83' lang='lat' dir='ltr'><strong>oum</strong></span> <span class='ocrx_word' id='word_1_201' title='bbox 519 2756 564 2805; x_wconf 76' lang='lat' dir='ltr'><strong>epo</strong></span> <span class='ocrx_word' id='word_1_202' title='bbox 582 2740 702 2792; x_wconf 78' lang='lat' dir='ltr'><strong>tertia—</strong></span> <span class='ocrx_word' id='word_1_203' title='bbox 744 2739 819 2794; x_wconf 88' lang='lat' dir='ltr'><strong>Sohn</strong></span> <span class='ocrx_word' id='word_1_204' title='bbox 846 2740 895 2794; x_wconf 83' lang='lat' dir='ltr'><strong>dee</strong></span> <span class='ocrx_word' id='word_1_205' title='bbox 916 2755 968 2807; x_wconf 89' lang='lat' dir='ltr'><strong>pro</strong></span> <span class='ocrx_word' id='word_1_206' title='bbox 989 2738 1082 2792; x_wconf 78' lang='lat' dir='ltr'><strong>Plane.</strong></span> <span class='ocrx_word' id='word_1_207' title='bbox 1108 2739 1142 2791; x_wconf 83' lang='lat'><strong>27</strong></span> <span class='ocrx_word' id='word_1_208' title='bbox 1169 2738 1231 2790; x_wconf 85' lang='lat' dir='ltr'><strong>erwi</strong></span> 
     </span>
     <span class='ocr_line' id='line_1_25' title="bbox 114 2819 1231 2892; baseline -0.001 -20"><span class='ocrx_word' id='word_1_209' title='bbox 114 2822 183 2888; x_wconf 85' lang='lat' dir='ltr'><strong>qaod</strong></span> <span class='ocrx_word' id='word_1_210' title='bbox 200 2838 274 2887; x_wconf 80' lang='lat' dir='ltr'><strong>opero</strong></span> <span class='ocrx_word' id='word_1_211' title='bbox 293 2819 367 2888; x_wconf 81' lang='lat' dir='ltr'><strong>sore}</strong></span> <span class='ocrx_word' id='word_1_212' title='bbox 395 2821 458 2874; x_wconf 84' lang='lat' dir='ltr'><strong>deos</strong></span> <span class='ocrx_word' id='word_1_213' title='bbox 476 2821 526 2874; x_wconf 84' lang='lat' dir='ltr'><strong>auf</strong></span> <span class='ocrx_word' id='word_1_214' title='bbox 540 2821 586 2875; x_wconf 90' lang='lat' dir='ltr'><strong>die</strong></span> <span class='ocrx_word' id='word_1_215' title='bbox 603 2837 699 2890; x_wconf 83' lang='lat' dir='ltr'><strong>grosse</strong></span> <span class='ocrx_word' id='word_1_216' title='bbox 744 2824 910 2892; x_wconf 88' lang='lat' dir='ltr'><strong>Torquatus,</strong></span> <span class='ocrx_word' id='word_1_217' title='bbox 938 2824 1023 2875; x_wconf 88' lang='lat' dir='ltr'><strong>uuter</strong></span> <span class='ocrx_word' id='word_1_218' title='bbox 1042 2819 1189 2889; x_wconf 85' lang='lat' dir='ltr'><strong>Pompejus</strong></span> <span class='ocrx_word' id='word_1_219' title='bbox 1213 2819 1231 2872; x_wconf 82' lang='lat' dir='ltr'><strong>u</strong></span> 
     </span>
     <span class='ocr_line' id='line_1_26' title="bbox 115 2903 1231 2973; baseline -0.002 -16"><span class='ocrx_word' id='word_1_220' title='bbox 115 2903 195 2958; x_wconf 89' lang='lat' dir='ltr'><strong>nicht</strong></span> <span class='ocrx_word' id='word_1_221' title='bbox 212 2904 507 2973; x_wconf 86' lang='lat' dir='ltr'><strong>erspriessliebeStille</strong></span> <span class='ocrx_word' id='word_1_222' title='bbox 524 2905 591 2959; x_wconf 90' lang='lat' dir='ltr'><strong>bald</strong></span> <span class='ocrx_word' id='word_1_223' title='bbox 609 2905 702 2973; x_wconf 90' lang='lat' dir='ltr'><strong>politi·</strong></span> <span class='ocrx_word' id='word_1_224' title='bbox 743 2907 881 2961; x_wconf 88' lang='lat' dir='ltr'><strong>Konsulat</strong></span> <span class='ocrx_word' id='word_1_225' title='bbox 900 2906 953 2973; x_wconf 78' lang='lat'>(52)</span> <span class='ocrx_word' id='word_1_226' title='bbox 968 2905 1077 2971; x_wconf 68' lang='lat' dir='ltr'><strong>Precor,</strong></span> <span class='ocrx_word' id='word_1_227' title='bbox 1096 2905 1172 2959; x_wconf 87' lang='lat' dir='ltr'><strong>lebtc</strong></span> <span class='ocrx_word' id='word_1_228' title='bbox 1188 2920 1231 2958; x_wconf 88' lang='lat' dir='ltr'><strong>nac</strong></span> 
     </span>
     <span class='ocr_line' id='line_1_27' title="bbox 115 2987 1231 3057; baseline -0.003 -17"><span class='ocrx_word' id='word_1_229' title='bbox 115 2987 192 3041; x_wconf 89' lang='lat' dir='ltr'><strong>sehes</strong></span> <span class='ocrx_word' id='word_1_230' title='bbox 203 2987 394 3057; x_wconf 80' lang='lat' dir='ltr'><strong>Lebenfolgt3</strong></span> <span class='ocrx_word' id='word_1_231' title='bbox 412 2989 497 3042; x_wconf 78' lang='lat' dir='ltr'><strong>Glisar</strong></span> <span class='ocrx_word' id='word_1_232' title='bbox 506 2989 592 3042; x_wconf 82' lang='lat' dir='ltr'><strong>selbot</strong></span> <span class='ocrx_word' id='word_1_233' title='bbox 601 2989 651 3042; x_wconf 87' lang='lat' dir='ltr'><strong>hat</strong></span> <span class='ocrx_word' id='word_1_234' title='bbox 665 3006 702 3042; x_wconf 89' lang='lat' dir='ltr'><strong>an</strong></span> <span class='ocrx_word' id='word_1_235' title='bbox 743 2990 872 3044; x_wconf 87' lang='lat' dir='ltr'><strong>Schlacht</strong></span> <span class='ocrx_word' id='word_1_236' title='bbox 890 2990 936 3044; x_wconf 88' lang='lat' dir='ltr'><strong>bei</strong></span> <span class='ocrx_word' id='word_1_237' title='bbox 953 2989 1103 3043; x_wconf 83' lang='lat' dir='ltr'><strong>Pharsalus</strong></span> <span class='ocrx_word' id='word_1_238' title='bbox 1127 2989 1167 3042; x_wconf 88' lang='lat' dir='ltr'><strong>als</strong></span> <span class='ocrx_word' id='word_1_239' title='bbox 1186 2988 1231 3042; x_wconf 87' lang='lat' dir='ltr'><strong>Ver</strong></span> 
     </span>
     <span class='ocr_line' id='line_1_28' title="bbox 114 3069 1231 3142; baseline 0 -19"><span class='ocrx_word' id='word_1_240' title='bbox 114 3069 203 3124; x_wconf 82' lang='lat' dir='ltr'><strong>ciuem</strong></span> <span class='ocrx_word' id='word_1_241' title='bbox 219 3071 700 3127; x_wconf 85' lang='lat' dir='ltr'><strong>solchenZnstandekeineFreude.</strong></span> <span class='ocrx_word' id='word_1_242' title='bbox 743 3081 787 3130; x_wconf 88' lang='lat' dir='ltr'><strong>ter</strong></span> <span class='ocrx_word' id='word_1_243' title='bbox 813 3095 846 3130; x_wconf 83' lang='lat' dir='ltr'><strong>ru</strong></span> <span class='ocrx_word' id='word_1_244' title='bbox 874 3075 978 3142; x_wconf 81' lang='lat' dir='ltr'><strong>Athen,</strong></span> <span class='ocrx_word' id='word_1_245' title='bbox 1004 3074 1062 3128; x_wconf 87' lang='lat' dir='ltr'><strong>also</strong></span> <span class='ocrx_word' id='word_1_246' title='bbox 1088 3077 1117 3127; x_wconf 91' lang='lat' dir='ltr'><strong>in</strong></span> <span class='ocrx_word' id='word_1_247' title='bbox 1145 3072 1194 3127; x_wconf 88' lang='lat' dir='ltr'><strong>der</strong></span> <span class='ocrx_word' id='word_1_248' title='bbox 1210 3073 1231 3126; x_wconf 79' lang='lat' dir='ltr'><strong>Pr</strong></span> 
     </span>
    </p>

    <p class='ocr_par' dir='ltr' id='par_1_8' title="bbox 113 3154 1231 4393">
     <span class='ocr_line' id='line_1_29' title="bbox 146 3154 1231 3224; baseline 0 -17"><span class='ocrx_word' id='word_1_249' title='bbox 146 3157 173 3208; x_wconf 80' lang='lat'><strong>2.</strong></span> <span class='ocrx_word' id='word_1_250' title='bbox 191 3156 253 3205; x_wconf 84' lang='lat' dir='ltr'><strong>dum</strong></span> <span class='ocrx_word' id='word_1_251' title='bbox 273 3164 302 3206; x_wconf 82' lang='lat' dir='ltr'><strong>ta</strong></span> <span class='ocrx_word' id='word_1_252' title='bbox 319 3156 397 3220; x_wconf 72' lang='lat' dir='ltr'><strong>abab!</strong></span> <span class='ocrx_word' id='word_1_253' title='bbox 416 3156 454 3208; x_wconf 90' lang='lat' dir='ltr'><strong>du</strong></span> <span class='ocrx_word' id='word_1_254' title='bbox 473 3155 513 3207; x_wconf 85' lang='lat' dir='ltr'><strong>als</strong></span> <span class='ocrx_word' id='word_1_255' title='bbox 531 3154 580 3208; x_wconf 90' lang='lat' dir='ltr'><strong>der</strong></span> <span class='ocrx_word' id='word_1_256' title='bbox 594 3155 702 3222; x_wconf 85' lang='lat' dir='ltr'><strong>gelebr-</strong></span> <span class='ocrx_word' id='word_1_257' title='bbox 743 3158 790 3212; x_wconf 90' lang='lat' dir='ltr'><strong>des</strong></span> <span class='ocrx_word' id='word_1_258' title='bbox 809 3157 920 3212; x_wconf 86' lang='lat' dir='ltr'><strong>Servius</strong></span> <span class='ocrx_word' id='word_1_259' title='bbox 931 3155 1079 3224; x_wconf 86' lang='lat' dir='ltr'><strong>Sulpicius.</strong></span> <span class='ocrx_word' id='word_1_260' title='bbox 1097 3155 1191 3209; x_wconf 85' lang='lat' dir='ltr'><strong>Cicero</strong></span> <span class='ocrx_word' id='word_1_261' title='bbox 1201 3154 1231 3209; x_wconf 83' lang='lat' dir='ltr'><strong>ecl</strong></span> 
     </span>
     <span class='ocr_line' id='line_1_30' title="bbox 115 3236 1231 3308; baseline 0.001 -19"><span class='ocrx_word' id='word_1_262' title='bbox 115 3241 175 3291; x_wconf 88' lang='lat' dir='ltr'><strong>tere</strong></span> <span class='ocrx_word' id='word_1_263' title='bbox 192 3237 288 3301; x_wconf 85' lang='lat' dir='ltr'><strong>Manu,</strong></span> <span class='ocrx_word' id='word_1_264' title='bbox 316 3239 370 3293; x_wconf 87' lang='lat' dir='ltr'><strong>den</strong></span> <span class='ocrx_word' id='word_1_265' title='bbox 396 3238 441 3292; x_wconf 92' lang='lat' dir='ltr'><strong>ich</strong></span> <span class='ocrx_word' id='word_1_266' title='bbox 459 3237 701 3306; x_wconf 85' lang='lat' dir='ltr'><strong>gewissermassen</strong></span> <span class='ocrx_word' id='word_1_267' title='bbox 742 3241 800 3294; x_wconf 90' lang='lat' dir='ltr'><strong>und</strong></span> <span class='ocrx_word' id='word_1_268' title='bbox 817 3241 905 3295; x_wconf 88' lang='lat' dir='ltr'><strong>liebte</strong></span> <span class='ocrx_word' id='word_1_269' title='bbox 922 3241 973 3293; x_wconf 86' lang='lat' dir='ltr'><strong>ihu</strong></span> <span class='ocrx_word' id='word_1_270' title='bbox 996 3239 1075 3305; x_wconf 86' lang='lat' dir='ltr'><strong>sehr;</strong></span> <span class='ocrx_word' id='word_1_271' title='bbox 1103 3240 1161 3308; x_wconf 91' lang='lat' dir='ltr'><strong>vgl.</strong></span> <span class='ocrx_word' id='word_1_272' title='bbox 1179 3236 1231 3292; x_wconf 83' lang='lat' dir='ltr'><strong>dcl</strong></span> 
     </span>
     <span class='ocr_line' id='line_1_31' title="bbox 115 3319 1222 3389; baseline 0 -16"><span class='ocrx_word' id='word_1_273' title='bbox 115 3320 232 3374; x_wconf 86' lang='lat' dir='ltr'><strong>fiirchte.</strong></span> <span class='ocrx_word' id='word_1_274' title='bbox 259 3349 293 3358; x_wconf 91' lang='lat'><em>-</em></span> <span class='ocrx_word' id='word_1_275' title='bbox 318 3319 413 3388; x_wconf 80' lang='lat' dir='ltr'><strong>cetera]</strong></span> <span class='ocrx_word' id='word_1_276' title='bbox 445 3321 522 3375; x_wconf 88' lang='lat' dir='ltr'><strong>seins</strong></span> <span class='ocrx_word' id='word_1_277' title='bbox 547 3321 701 3386; x_wconf 87' lang='lat' dir='ltr'><strong>Paradoxa,</strong></span> <span class='ocrx_word' id='word_1_278' title='bbox 742 3323 1222 3389; x_wconf 65' lang='lat' dir='ltr'><strong>72:1a&#39;raeraaamuraaopama</strong></span> 
     </span>
     <span class='ocr_line' id='line_1_32' title="bbox 114 3403 1225 3475; baseline 0.003 -21"><span class='ocrx_word' id='word_1_279' title='bbox 114 3404 211 3457; x_wconf 90' lang='lat' dir='ltr'><strong>seinen</strong></span> <span class='ocrx_word' id='word_1_280' title='bbox 230 3403 298 3458; x_wconf 85' lang='lat' dir='ltr'><strong>Cato</strong></span> <span class='ocrx_word' id='word_1_281' title='bbox 316 3404 384 3472; x_wconf 83' lang='grc' dir='ltr'><strong>(ΑΕ.</strong></span> <span class='ocrx_word' id='word_1_282' title='bbox 394 3407 435 3470; x_wconf 83' lang='grc'><strong>37,</strong></span> <span class='ocrx_word' id='word_1_283' title='bbox 451 3421 472 3460; x_wconf 86' lang='lat' dir='ltr'><strong>s.</strong></span> <span class='ocrx_word' id='word_1_284' title='bbox 490 3404 623 3460; x_wconf 84' lang='lat' dir='ltr'><strong>auchCio.</strong></span> <span class='ocrx_word' id='word_1_285' title='bbox 641 3423 701 3459; x_wconf 89' lang='lat' dir='ltr'><strong>ora·</strong></span> <span class='ocrx_word' id='word_1_286' title='bbox 741 3425 790 3475; x_wconf 79' lang='lat' dir='ltr'><strong>qua</strong></span> <span class='ocrx_word' id='word_1_287' title='bbox 808 3408 1004 3469; x_wconf 75' lang='lat' dir='ltr'><strong>amantissimae,</strong></span> <span class='ocrx_word' id='word_1_288' title='bbox 1022 3409 1055 3459; x_wconf 75' lang='lat' dir='ltr'><strong>A.</strong></span> <span class='ocrx_word' id='word_1_289' title='bbox 1075 3406 1225 3474; x_wconf 79' lang='lat' dir='ltr'><strong>Torquatus,</strong></span> 
     </span>
     <span class='ocr_line' id='line_1_33' title="bbox 116 3487 1231 3558; baseline -0.003 -18"><span class='ocrx_word' id='word_1_290' title='bbox 116 3491 161 3540; x_wconf 91' lang='lat' dir='ltr'><strong>tor</strong></span> <span class='ocrx_word' id='word_1_291' title='bbox 179 3487 231 3556; x_wconf 82' lang='lat'><strong>35),</strong></span> <span class='ocrx_word' id='word_1_292' title='bbox 259 3489 355 3542; x_wconf 85' lang='lat' dir='ltr'><strong>seinen</strong></span> <span class='ocrx_word' id='word_1_293' title='bbox 372 3487 486 3541; x_wconf 85' lang='lat' dir='ltr'><strong>Brutus.</strong></span> <span class='ocrx_word' id='word_1_294' title='bbox 505 3516 534 3524; x_wconf 89' lang='lat'><em>-</em></span> <span class='ocrx_word' id='word_1_295' title='bbox 553 3490 646 3554; x_wconf 78' lang='lat' dir='ltr'><strong>scripsi</strong></span> <span class='ocrx_word' id='word_1_296' title='bbox 669 3489 701 3541; x_wconf 84' lang='lat' dir='ltr'><strong>de</strong></span> <span class='ocrx_word' id='word_1_297' title='bbox 744 3501 787 3543; x_wconf 80' lang='lat' dir='ltr'><strong>tur</strong></span> <span class='ocrx_word' id='word_1_298' title='bbox 805 3499 864 3542; x_wconf 79' lang='lat' dir='ltr'><strong>anta</strong></span> <span class='ocrx_word' id='word_1_299' title='bbox 882 3491 977 3554; x_wconf 80' lang='lat' dir='ltr'><strong>oculor,</strong></span> <span class='ocrx_word' id='word_1_300' title='bbox 994 3491 1067 3541; x_wconf 79' lang='lat' dir='ltr'><strong>caira</strong></span> <span class='ocrx_word' id='word_1_301' title='bbox 1081 3499 1231 3558; x_wconf 68' lang='lat' dir='ltr'><strong>quantumst</strong></span> 
     </span>
     <span class='ocr_line' id='line_1_34' title="bbox 116 3569 1222 3643; baseline 0.003 -23"><span class='ocrx_word' id='word_1_302' title='bbox 116 3572 208 3636; x_wconf 82' lang='lat' dir='ltr'><strong>optimo</strong></span> <span class='ocrx_word' id='word_1_303' title='bbox 215 3589 310 3638; x_wconf 80' lang='lat' dir='ltr'><strong>gauere</strong></span> <span class='ocrx_word' id='word_1_304' title='bbox 320 3569 434 3638; x_wconf 69' lang='lat' dir='ltr'><strong>dicendi]</strong></span> <span class='ocrx_word' id='word_1_305' title='bbox 444 3571 474 3624; x_wconf 92' lang='lat' dir='ltr'><strong>in</strong></span> <span class='ocrx_word' id='word_1_306' title='bbox 484 3571 587 3625; x_wconf 79' lang='lat' dir='ltr'><strong>eeinem</strong></span> <span class='ocrx_word' id='word_1_307' title='bbox 601 3570 700 3624; x_wconf 87' lang='lat' dir='ltr'><strong>Wcrke</strong></span> <span class='ocrx_word' id='word_1_308' title='bbox 745 3584 769 3626; x_wconf 82' lang='lat' dir='ltr'><strong>et</strong></span> <span class='ocrx_word' id='word_1_309' title='bbox 783 3593 861 3643; x_wconf 83' lang='lat' dir='ltr'><strong>quam</strong></span> <span class='ocrx_word' id='word_1_310' title='bbox 879 3575 979 3640; x_wconf 78' lang='lat' dir='ltr'><strong>inrigua</strong></span> <span class='ocrx_word' id='word_1_311' title='bbox 998 3574 1086 3640; x_wconf 77' lang='lat' dir='ltr'><strong>fucrit</strong></span> <span class='ocrx_word' id='word_1_312' title='bbox 1104 3590 1169 3640; x_wconf 75' lang='lat' dir='ltr'><strong>ergo</strong></span> <span class='ocrx_word' id='word_1_313' title='bbox 1185 3590 1222 3623; x_wconf 78' lang='lat' dir='ltr'><strong>mr</strong></span> 
     </span>
     <span class='ocr_line' id='line_1_35' title="bbox 118 3653 1231 3727; baseline 0.001 -23"><span class='ocrx_word' id='word_1_314' title='bbox 118 3654 221 3708; x_wconf 84' lang='lat' dir='ltr'><strong>Orator.</strong></span> <span class='ocrx_word' id='word_1_315' title='bbox 238 3683 272 3692; x_wconf 93' lang='lat'>—</span> <span class='ocrx_word' id='word_1_316' title='bbox 297 3657 333 3705; x_wconf 83' lang='lat' dir='ltr'><strong>sic</strong></span> <span class='ocrx_word' id='word_1_317' title='bbox 358 3655 463 3720; x_wconf 83' lang='lat' dir='ltr'><strong>acilicetl</strong></span> <span class='ocrx_word' id='word_1_318' title='bbox 490 3653 630 3709; x_wconf 87' lang='lat' dir='ltr'><strong>natiirlich</strong></span> <span class='ocrx_word' id='word_1_319' title='bbox 657 3672 699 3720; x_wconf 80' lang='lat' dir='ltr'><strong>ac;</strong></span> <span class='ocrx_word' id='word_1_320' title='bbox 743 3660 816 3710; x_wconf 82' lang='lat' dir='ltr'><strong>ribar</strong></span> <span class='ocrx_word' id='word_1_321' title='bbox 834 3659 895 3721; x_wconf 78' lang='lat' dir='ltr'><strong>illia,</strong></span> <span class='ocrx_word' id='word_1_322' title='bbox 912 3674 978 3727; x_wconf 81' lang='lat' dir='ltr'><strong>qaae</strong></span> <span class='ocrx_word' id='word_1_323' title='bbox 988 3665 1050 3707; x_wconf 79' lang='lat' dir='ltr'><strong>ricto</strong></span> <span class='ocrx_word' id='word_1_324' title='bbox 1058 3665 1120 3708; x_wconf 76' lang='lat' dir='ltr'><strong>aurat</strong></span> <span class='ocrx_word' id='word_1_325' title='bbox 1132 3658 1231 3708; x_wconf 77' lang='lat' dir='ltr'><strong>omnibu</strong></span> 
     </span>
     <span class='ocr_line' id='line_1_36' title="bbox 115 3736 1231 3809; baseline 0.002 -18"><span class='ocrx_word' id='word_1_326' title='bbox 115 3739 171 3806; x_wconf 85' lang='lat' dir='ltr'><strong>vgl.</strong></span> <span class='ocrx_word' id='word_1_327' title='bbox 198 3755 242 3807; x_wconf 86' lang='lat' dir='ltr'><strong>ep.</strong></span> <span class='ocrx_word' id='word_1_328' title='bbox 269 3741 311 3803; x_wconf 87' lang='lat'><strong>30,</strong></span> <span class='ocrx_word' id='word_1_329' title='bbox 337 3740 361 3790; x_wconf 87' lang='lat'><strong>2.</strong></span> <span class='ocrx_word' id='word_1_330' title='bbox 387 3766 420 3774; x_wconf 95' lang='lat'><em>-</em></span> <span class='ocrx_word' id='word_1_331' title='bbox 447 3739 549 3789; x_wconf 84' lang='lat' dir='ltr'><strong>doctum</strong></span> <span class='ocrx_word' id='word_1_332' title='bbox 566 3736 701 3807; x_wconf 78' lang='lat' dir='ltr'><strong>bominem]</strong></span> <span class='ocrx_word' id='word_1_333' title='bbox 743 3759 843 3794; x_wconf 77' lang='lat' dir='ltr'><strong>necessa</strong></span> <span class='ocrx_word' id='word_1_334' title='bbox 860 3749 896 3793; x_wconf 82' lang='lat' dir='ltr'><strong>eat</strong></span> <span class='ocrx_word' id='word_1_335' title='bbox 913 3749 1050 3809; x_wconf 80' lang='lat' dir='ltr'><strong>utrumque</strong></span> <span class='ocrx_word' id='word_1_336' title='bbox 1068 3748 1231 3803; x_wconf 52' lang='lat' dir='ltr'><strong>vestrumst</strong></span> 
     </span>
     <span class='ocr_line' id='line_1_37' title="bbox 115 3820 1231 3890; baseline 0.001 -16"><span class='ocrx_word' id='word_1_337' title='bbox 115 3822 188 3874; x_wconf 85' lang='lat' dir='ltr'><strong>wohl</strong></span> <span class='ocrx_word' id='word_1_338' title='bbox 207 3822 285 3874; x_wconf 88' lang='lat' dir='ltr'><strong>nicht</strong></span> <span class='ocrx_word' id='word_1_339' title='bbox 302 3820 374 3873; x_wconf 90' lang='lat' dir='ltr'><strong>ohne</strong></span> <span class='ocrx_word' id='word_1_340' title='bbox 393 3821 571 3890; x_wconf 86' lang='lat' dir='ltr'><strong>Auspialung</strong></span> <span class='ocrx_word' id='word_1_341' title='bbox 592 3822 642 3875; x_wconf 86' lang='lat' dir='ltr'><strong>aul</strong></span> <span class='ocrx_word' id='word_1_342' title='bbox 657 3821 702 3875; x_wconf 88' lang='lat' dir='ltr'><strong>die</strong></span> <span class='ocrx_word' id='word_1_343' title='bbox 744 3823 917 3879; x_wconf 87' lang='lat' dir='ltr'><strong>denBriefen</strong></span> <span class='ocrx_word' id='word_1_344' title='bbox 935 3841 972 3877; x_wconf 87' lang='lat' dir='ltr'><strong>an</strong></span> <span class='ocrx_word' id='word_1_345' title='bbox 990 3821 1102 3876; x_wconf 79' lang='lat' dir='ltr'><strong>Atticus</strong></span> <span class='ocrx_word' id='word_1_346' title='bbox 1121 3823 1194 3877; x_wconf 84' lang='lat' dir='ltr'><strong>wird</strong></span> <span class='ocrx_word' id='word_1_347' title='bbox 1211 3841 1231 3877; x_wconf 80' lang='lat' dir='ltr'><strong>er</strong></span> 
     </span>
     <span class='ocr_line' id='line_1_38' title="bbox 113 3903 1231 3974; baseline 0.003 -17"><span class='ocrx_word' id='word_1_348' title='bbox 113 3903 232 3974; x_wconf 85' lang='lat' dir='ltr'><strong>jiingera</strong></span> <span class='ocrx_word' id='word_1_349' title='bbox 242 3905 342 3959; x_wconf 86' lang='lat' dir='ltr'><strong>Schule</strong></span> <span class='ocrx_word' id='word_1_350' title='bbox 360 3921 414 3958; x_wconf 89' lang='lat' dir='ltr'><strong>von</strong></span> <span class='ocrx_word' id='word_1_351' title='bbox 424 3903 558 3958; x_wconf 87' lang='lat' dir='ltr'><strong>Dichtern</strong></span> <span class='ocrx_word' id='word_1_352' title='bbox 569 3906 702 3974; x_wconf 80' lang='grc' dir='ltr'>(νεώτεροι</span> <span class='ocrx_word' id='word_1_353' title='bbox 744 3908 879 3962; x_wconf 80' lang='lat' dir='ltr'><strong>erwiihnt.</strong></span> <span class='ocrx_word' id='word_1_354' title='bbox 925 3905 1171 3960; x_wconf 90' lang='lat' dir='ltr'><strong>Wahrscheinlich</strong></span> <span class='ocrx_word' id='word_1_355' title='bbox 1197 3906 1231 3960; x_wconf 83' lang='lat' dir='ltr'><strong>sir</strong></span> 
     </span>
     <span class='ocr_line' id='line_1_39' title="bbox 117 3986 1229 4059; baseline 0.003 -18"><span class='ocrx_word' id='word_1_356' title='bbox 117 3990 178 4043; x_wconf 85' lang='lat' dir='ltr'><strong>Att.</strong></span> <span class='ocrx_word' id='word_1_357' title='bbox 197 3991 336 4054; x_wconf 80' lang='lat' dir='ltr'><strong>v11.2,1:</strong></span> <span class='ocrx_word' id='word_1_358' title='bbox 355 3986 427 4040; x_wconf 89' lang='lat' dir='ltr'><strong>nach</strong></span> <span class='ocrx_word' id='word_1_359' title='bbox 446 3987 508 4040; x_wconf 91' lang='lat' dir='ltr'><strong>dem</strong></span> <span class='ocrx_word' id='word_1_360' title='bbox 527 3987 635 4041; x_wconf 87' lang='lat' dir='ltr'><strong>Muster</strong></span> <span class='ocrx_word' id='word_1_361' title='bbox 652 3989 702 4042; x_wconf 92' lang='lat' dir='ltr'><strong>der</strong></span> <span class='ocrx_word' id='word_1_362' title='bbox 744 3990 837 4045; x_wconf 80' lang='lat' dir='ltr'><strong>Briefe</strong></span> <span class='ocrx_word' id='word_1_363' title='bbox 853 4007 891 4044; x_wconf 84' lang='lat' dir='ltr'><strong>an</strong></span> <span class='ocrx_word' id='word_1_364' title='bbox 908 3989 1068 4059; x_wconf 88' lang='lat' dir='ltr'><strong>Torquatus</strong></span> <span class='ocrx_word' id='word_1_365' title='bbox 1088 3990 1139 4056; x_wconf 87' lang='lat' dir='ltr'><strong>(eie</strong></span> <span class='ocrx_word' id='word_1_366' title='bbox 1166 3991 1229 4044; x_wconf 87' lang='lat' dir='ltr'><strong>steh</strong></span> 
     </span>
     <span class='ocr_line' id='line_1_40' title="bbox 117 4070 1231 4142; baseline 0.002 -18"><span class='ocrx_word' id='word_1_367' title='bbox 117 4071 332 4140; x_wconf 74' lang='lat' dir='ltr'><strong>Alexandriner)</strong></span> <span class='ocrx_word' id='word_1_368' title='bbox 353 4071 550 4125; x_wconf 88' lang='lat' dir='ltr'><strong>undRednern</strong></span> <span class='ocrx_word' id='word_1_369' title='bbox 563 4070 627 4138; x_wconf 91' lang='lat' dir='ltr'><strong>(den</strong></span> <span class='ocrx_word' id='word_1_370' title='bbox 645 4088 702 4142; x_wconf 87' lang='lat' dir='ltr'><strong>sog.</strong></span> <span class='ocrx_word' id='word_1_371' title='bbox 745 4073 791 4140; x_wconf 89' lang='lat' dir='ltr'><strong>VI,</strong></span> <span class='ocrx_word' id='word_1_372' title='bbox 810 4072 885 4140; x_wconf 83' lang='lat'>1-4)</span> <span class='ocrx_word' id='word_1_373' title='bbox 904 4073 934 4126; x_wconf 91' lang='lat' dir='ltr'><strong>in</strong></span> <span class='ocrx_word' id='word_1_374' title='bbox 952 4072 1006 4127; x_wconf 88' lang='lat' dir='ltr'><strong>den</strong></span> <span class='ocrx_word' id='word_1_375' title='bbox 1024 4073 1127 4127; x_wconf 88' lang='lat' dir='ltr'><strong>beiden</strong></span> <span class='ocrx_word' id='word_1_376' title='bbox 1155 4075 1231 4128; x_wconf 71' lang='lat' dir='ltr'><strong>letztr</strong></span> 
     </span>
     <span class='ocr_line' id='line_1_41' title="bbox 117 4154 1229 4223; baseline 0.001 -15"><span class='ocrx_word' id='word_1_377' title='bbox 117 4154 325 4223; x_wconf 86' lang='lat' dir='ltr'><strong>Neuattikern),</strong></span> <span class='ocrx_word' id='word_1_378' title='bbox 343 4174 376 4208; x_wconf 88' lang='lat' dir='ltr'><strong>zu</strong></span> <span class='ocrx_word' id='word_1_379' title='bbox 394 4155 445 4209; x_wconf 92' lang='lat' dir='ltr'><strong>der</strong></span> <span class='ocrx_word' id='word_1_380' title='bbox 457 4154 527 4208; x_wconf 89' lang='lat' dir='ltr'><strong>auch</strong></span> <span class='ocrx_word' id='word_1_381' title='bbox 538 4154 700 4209; x_wconf 83' lang='lat' dir='ltr'><strong>Cornificius</strong></span> <span class='ocrx_word' id='word_1_382' title='bbox 745 4162 832 4210; x_wconf 87' lang='lat' dir='ltr'><strong>natan</strong></span> <span class='ocrx_word' id='word_1_383' title='bbox 841 4156 887 4209; x_wconf 85' lang='lat' dir='ltr'><strong>des</strong></span> <span class='ocrx_word' id='word_1_384' title='bbox 906 4156 932 4210; x_wconf 91' lang='lat' dir='ltr'><strong>J.</strong></span> <span class='ocrx_word' id='word_1_385' title='bbox 942 4157 977 4209; x_wconf 81' lang='grc'><strong>46</strong></span> <span class='ocrx_word' id='word_1_386' title='bbox 987 4155 1043 4209; x_wconf 89' lang='lat' dir='ltr'><strong>und</strong></span> <span class='ocrx_word' id='word_1_387' title='bbox 1052 4154 1108 4209; x_wconf 90' lang='lat' dir='ltr'><strong>den</strong></span> <span class='ocrx_word' id='word_1_388' title='bbox 1129 4156 1229 4211; x_wconf 87' lang='lat' dir='ltr'><strong>beiden</strong></span> 
     </span>
     <span class='ocr_line' id='line_1_42' title="bbox 117 4237 1231 4309; baseline 0.001 -18"><span class='ocrx_word' id='word_1_389' title='bbox 117 4238 241 4306; x_wconf 80' lang='lat' dir='ltr'><strong>gehdrta.</strong></span> <span class='ocrx_word' id='word_1_390' title='bbox 269 4239 393 4293; x_wconf 73' lang='lat' dir='ltr'><strong>Nibaros</strong></span> <span class='ocrx_word' id='word_1_391' title='bbox 410 4238 485 4293; x_wconf 82' lang='lat' dir='ltr'><strong>Jahn</strong></span> <span class='ocrx_word' id='word_1_392' title='bbox 503 4237 578 4292; x_wconf 89' lang='lat' dir='ltr'><strong>Einl.</strong></span> <span class='ocrx_word' id='word_1_393' title='bbox 596 4256 630 4292; x_wconf 84' lang='lat' dir='ltr'><strong>zu</strong></span> <span class='ocrx_word' id='word_1_394' title='bbox 648 4238 702 4293; x_wconf 88' lang='lat' dir='ltr'><strong>Cic.</strong></span> <span class='ocrx_word' id='word_1_395' title='bbox 744 4240 794 4294; x_wconf 87' lang='lat' dir='ltr'><strong>des</strong></span> <span class='ocrx_word' id='word_1_396' title='bbox 811 4240 837 4294; x_wconf 82' lang='lat' dir='ltr'><strong>J.</strong></span> <span class='ocrx_word' id='word_1_397' title='bbox 854 4241 888 4293; x_wconf 79' lang='lat'><strong>45</strong></span> <span class='ocrx_word' id='word_1_398' title='bbox 904 4238 1089 4309; x_wconf 86' lang='lat' dir='ltr'><strong>geschrieben</strong></span> <span class='ocrx_word' id='word_1_399' title='bbox 1107 4239 1231 4308; x_wconf 86' lang='lat' dir='ltr'><strong>(llofmar</strong></span> 
     </span>
     <span class='ocr_line' id='line_1_43' title="bbox 118 4321 1231 4393; baseline 0.001 -17"><span class='ocrx_word' id='word_1_400' title='bbox 118 4323 220 4377; x_wconf 86' lang='lat' dir='ltr'><strong>Orator</strong></span> <span class='ocrx_word' id='word_1_401' title='bbox 239 4325 268 4375; x_wconf 95' lang='lat' dir='ltr'><strong>ll</strong></span> <span class='ocrx_word' id='word_1_402' title='bbox 287 4321 316 4375; x_wconf 84' lang='lat' dir='ltr'><strong>ff.</strong></span> <span class='ocrx_word' id='word_1_403' title='bbox 778 4327 800 4377; x_wconf 91' lang='lat'><strong>1.</strong></span> <span class='ocrx_word' id='word_1_404' title='bbox 820 4324 894 4376; x_wconf 79' lang='lat' dir='ltr'><strong>Etsi.</strong></span> <span class='ocrx_word' id='word_1_405' title='bbox 908 4361 949 4389; x_wconf 86' lang='lat'><strong>..,</strong></span> <span class='ocrx_word' id='word_1_406' title='bbox 967 4325 1142 4376; x_wconf 73' lang='lat' dir='ltr'><strong>miserrimum</strong></span> <span class='ocrx_word' id='word_1_407' title='bbox 1159 4323 1231 4393; x_wconf 66' lang='lat' dir='ltr'><strong>aide</strong></span> 
     </span>
    </p>

    <p class='ocr_par' dir='ltr' id='par_1_9' title="bbox 114 4404 1231 4560">
     <span class='ocr_line' id='line_1_44' title="bbox 151 4404 1226 4476; baseline 0.001 -17"><span class='ocrx_word' id='word_1_408' title='bbox 151 4410 175 4460; x_wconf 85' lang='lat'><strong>3.</strong></span> <span class='ocrx_word' id='word_1_409' title='bbox 194 4423 251 4457; x_wconf 84' lang='lat' dir='ltr'><strong>cum</strong></span> <span class='ocrx_word' id='word_1_410' title='bbox 269 4404 533 4474; x_wconf 79' lang='lat' dir='ltr'><strong>amori...tribucm]</strong></span> <span class='ocrx_word' id='word_1_411' title='bbox 560 4405 628 4461; x_wconf 81' lang='lat' dir='ltr'><strong>iiber</strong></span> <span class='ocrx_word' id='word_1_412' title='bbox 645 4405 700 4460; x_wconf 80' lang='lat' dir='ltr'><strong>dan</strong></span> <span class='ocrx_word' id='word_1_413' title='bbox 744 4406 822 4460; x_wconf 84' lang='lat' dir='ltr'><strong>nicht</strong></span> <span class='ocrx_word' id='word_1_414' title='bbox 839 4404 1017 4475; x_wconf 81' lang='lat' dir='ltr'><strong>frirEleganz</strong></span> <span class='ocrx_word' id='word_1_415' title='bbox 1035 4407 1143 4476; x_wconf 79' lang='lat' dir='ltr'><strong>gelten,</strong></span> <span class='ocrx_word' id='word_1_416' title='bbox 1162 4407 1226 4463; x_wconf 74' lang='lat' dir='ltr'><strong>daos</strong></span> 
     </span>
     <span class='ocr_line' id='line_1_45' title="bbox 114 4487 1231 4560; baseline 0 -16"><span class='ocrx_word' id='word_1_417' title='bbox 114 4489 296 4560; x_wconf 77' lang='lat' dir='ltr'><strong>Konjunktir</strong></span> <span class='ocrx_word' id='word_1_418' title='bbox 312 4488 365 4545; x_wconf 76' lang='grc' dir='ltr'><strong>ΕΒ.</strong></span> <span class='ocrx_word' id='word_1_419' title='bbox 383 4491 441 4557; x_wconf 81' lang='grc'><strong>349,</strong></span> <span class='ocrx_word' id='word_1_420' title='bbox 459 4491 541 4544; x_wconf 86' lang='lat' dir='ltr'><strong>Anm.</strong></span> <span class='ocrx_word' id='word_1_421' title='bbox 560 4493 583 4544; x_wconf 90' lang='lat'><strong>1.</strong></span> <span class='ocrx_word' id='word_1_422' title='bbox 744 4505 787 4544; x_wconf 87' lang='lat' dir='ltr'><strong>ser</strong></span> <span class='ocrx_word' id='word_1_423' title='bbox 805 4488 919 4544; x_wconf 89' lang='lat' dir='ltr'><strong>Periode</strong></span> <span class='ocrx_word' id='word_1_424' title='bbox 936 4488 986 4545; x_wconf 79' lang='lat' dir='ltr'><strong>das</strong></span> <span class='ocrx_word' id='word_1_425' title='bbox 1004 4487 1131 4546; x_wconf 85' lang='lat' dir='ltr'><strong>Verbum</strong></span> <span class='ocrx_word' id='word_1_426' title='bbox 1153 4509 1231 4545; x_wconf 74' lang='lat' dir='ltr'><strong>romi</strong></span> 
     </span>
    </p>
   </div>
   <div class='ocr_carea' id='block_1_6' title="bbox 0 0 1308 4890">
    <p class='ocr_par' dir='ltr' id='par_1_10' title="bbox 0 0 1308 4890">
     <span class='ocr_line' id='line_1_46' title="bbox 0 0 1308 4890; baseline 0 0"><span class='ocrx_word' id='word_1_427' title='bbox 0 0 1308 4890; x_wconf 95' lang='lat' dir='ltr'><strong> </strong></span> 
     </span>
    </p>
   </div>
  </div>
 </body>
</html>
