2604 4860
127 170 173 234 62
621 165 665 219 Ad
682 164 749 220 fam.
766 165 798 233 V,
815 168 840 220 2.
1226 164 1234 235 [

215 333 287 411 Qua
314 351 350 395 re
381 351 445 397 non
475 352 534 413 ego
565 332 750 416 oppugnavi
778 330 914 397 fratrem
942 334 1047 409 tuum,
1077 329 1137 396 sed
1158 331 1234 397 fratr

131 433 331 515 repugnavi:
354 433 467 497 necin
489 437 531 511 te,
561 438 600 497 ut
629 431 753 511 scribis,
779 430 887 497 animo
910 430 958 495 fui
978 428 1100 510 mobili,
1124 430 1183 496 sed
1202 430 1234 495 in

132 532 198 615 bili,
220 532 313 596 utin
337 552 407 596 mea
429 552 507 614 erga
528 537 562 597 te
582 532 752 597 voluntate
774 531 874 596 etiam
903 530 1049 596 desertus
1069 530 1112 596 ab
1135 529 1234 596 officii

131 652 363 716 permanerem.
396 632 504 714 Atque
525 631 588 697 hoc
608 633 678 714 ipso
697 636 844 714 tempore
862 629 925 696 tibi
941 650 1044 713 paene
1061 631 1227 696 minitanti

131 753 189 816 per
210 732 337 797 litteras
360 731 423 797 hoc
444 731 585 796 rescribo
616 736 714 814 atque
735 730 931 813 respondeo:
963 751 1023 813 ego
1054 729 1164 797 dolori
1193 736 1234 795 tu«

131 833 235 897 solum
257 833 400 913 ignosco,
430 831 486 896 sed
515 852 673 896 summam
703 832 804 896 etiam
833 831 963 897 laudem
984 831 1113 896 tribuo:
1141 850 1231 896 meus

132 953 184 997 me
205 953 326 1011 sensus,
350 937 475 1015 quanta
497 931 543 995 vis
564 932 701 996 fraterni
726 931 770 995 sit
791 932 920 1011 amoris,
943 930 1103 997 admonet.
1148 931 1176 995 A
1198 937 1231 995 te

132 1038 169 1097 ut
192 1037 229 1097 tu
247 1053 376 1115 quoque
396 1053 536 1116 aequum
554 1039 587 1096 te
604 1032 741 1097 iudicem
761 1032 865 1097 dolori
882 1053 953 1097 meo
971 1031 1144 1115 praebeas:
1167 1031 1195 1095 si
1212 1052 1234 1096 a

129 1133 158 1197 si
180 1132 364 1213 crudeliter,
396 1133 424 1197 si
455 1134 522 1197 sine
552 1152 650 1197 causa
678 1152 748 1196 sum
779 1134 886 1197 atuis
907 1137 1123 1215 oppugnatus,
1153 1136 1193 1196 ut
1212 1136 1234 1196 st

133 1232 213 1296 mihi
240 1253 305 1298 non
335 1231 430 1297 modo
460 1252 524 1296 non
553 1229 739 1309 cedendum,
770 1229 828 1294 sed
857 1230 957 1295 etiam
979 1235 1038 1296 tuo
1060 1236 1160 1317 atque
1180 1251 1234 1296 exe

130 1334 181 1398 tui
209 1333 330 1399 auinIo
362 1334 394 1395 in
425 1331 492 1396 eius
522 1330 611 1395 modi
642 1349 739 1395 causa
768 1329 924 1395 utendum
954 1330 1060 1397 luisse
1102 1331 1175 1414 Ego
1205 1337 1234 1396 te

131 1455 256 1518 semper
276 1431 415 1496 amicum
437 1452 504 1497 esse
527 1431 631 1509 volui;
661 1450 713 1495 me
733 1434 772 1494 ut
792 1430 854 1497 tibi
876 1429 1102 1495 amicissimum
1125 1432 1234 1497 essen

129 1555 233 1616 geres,
255 1532 411 1598 laboravi.
454 1531 573 1597 Moneo
595 1532 628 1595 in
650 1530 817 1595 voluntate
838 1536 880 1609 et,
902 1530 1012 1613 quoad
1032 1531 1121 1597 voles
1143 1538 1190 1612 tn,
1212 1553 1233 1615 p

130 1634 216 1699 nebo
238 1633 397 1715 citiusque
420 1652 529 1697 amore
558 1633 608 1696 tui
638 1632 771 1695 fratrem
801 1635 895 1695 tunm
925 1630 1029 1696 odisse
1051 1632 1206 1710 desinam,

130 1735 217 1800 illius
240 1733 313 1798 odio
336 1733 510 1816 quicquam
532 1732 571 1795 de
592 1738 704 1796 nostra
726 1731 951 1797 benevolentia
972 1730 1152 1797 detraham.

131 2469 215 2523 Form
246 2471 336 2535 secati,
362 2462 537 2522 nnd‘Cicero
563 2468 614 2523 hat
640 2469 713 2523 diese
755 2472 905 2537 augesetzt.
939 2468 1016 2523 Noch
1033 2468 1194 2525 baissender
1210 2488 1234 2525 w

130 2551 276 2606 mehrfach
294 2552 323 2605 in
341 2552 394 2607 den
408 2551 539 2605 Formeln
556 2555 639 2606 renuti
657 2572 713 2606 coa·
755 2551 905 2622 Persiflage
926 2553 1015 2606 durch
1041 2553 1087 2607 die
1113 2557 1234 2609 nattirlic

129 2640 227 2690 cultum
254 2635 312 2689 und
337 2637 420 2688 emoti
443 2637 584 2704 populique
601 2639 714 2689 Romani
755 2635 876 2690 ironisoh
894 2637 1050 2705 gemeinten
1069 2635 1179 2694 Worts:
1200 2658 1234 2693 ecc

131 2720 198 2788 (div.
218 2719 247 2772 in
266 2719 363 2772 caecil.
390 2721 430 2772 19.
457 2719 526 2773 Phil.
544 2719 593 2782 ΙΙΙ,
611 2718 662 2786 38).
680 2747 712 2758 -
755 2729 799 2772 tuo
816 2730 890 2789 atquc
907 2722 1032 2773 eomedas
1047 2723 1087 2773 tui
1103 2726 1234 2776 auxilium

131 2800 317 2870 remissuram]
328 2802 377 2856 der
387 2805 505 2872 Antrag,
520 2804 573 2857 den
583 2803 712 2857 Metellus
747 2806 843 2871 fuisse,
861 2803 907 2857 ein
915 2802 986 2857 Hieb
1004 2803 1054 2857 aul
1066 2804 1120 2858 den
1134 2810 1234 2860 etwas]

131 2888 224 2956 Nepos
254 2886 343 2939 seines
370 2889 468 2940 Amtes
503 2906 537 2941 au
562 2892 711 2953 entsetaen,
754 2886 914 2940 mierenden
931 2887 991 2941 Ton
1017 2906 1071 2942 von
1094 2889 1233 2944 Metellus'

131 2971 200 3039 ging
223 2970 303 3023 nicht
329 2970 416 3024 durch
444 2971 530 3036 (Suet.
556 2973 632 3024 Caes.
662 2971 712 3039 16).
756 2999 784 3008 -
804 2969 894 3039 dolori]
916 2970 1191 3039 ‘Empfindlichlreitl
1209 3003 1234 3011 -

128 3055 226 3108 Cicero
242 3053 356 3106 bedient
374 3054 432 3109 sich
449 3055 553 3109 wieder
570 3054 711 3109 desselben
753 3056 890 3123 quicquam
957 3054 1103 3124 motum]
1131 3059 1234 3111 wrote

131 3137 250 3204 Wortes,
267 3136 316 3189 das
326 3136 452 3191 Metellus
463 3138 493 3191 iu
506 3138 608 3193 seinem
619 3138 711 3193 Briefe
754 3137 891 3192 Futurum
909 3138 960 3192 wie
977 3141 1101 3192 desinam.
1138 3139 1234 3210 vgip

130 3219 286 3289 gebraucht
303 3218 392 3274 hatte.
753 3237 812 3290 gar.
831 3225 878 3276 16:
904 3240 979 3275 suam
1003 3226 1077 3276 citisus
1101 3227 1191 3278 obiciet
1215 3228 1234 3278 t<

167 3307 205 3357 10.
226 3305 284 3367 Qua
309 3320 338 3354 re
355 3304 469 3374 uon...]
503 3306 570 3360 Man
593 3306 712 3361 betchte
752 3314 829 3357 tatem
846 3325 925 3373 quam
952 3310 1105 3376 emorquehit
1121 3319 1202 3362 mam.
1229 3309 1234 3361 I

129 3385 175 3440 dis
201 3384 328 3439 scharfen
352 3386 539 3456 Gegens‘dtze:
565 3392 712 3458 oppapaaci
753 3390 794 3453 50,
821 3391 860 3441 11.
889 3389 953 3443 Zus.
978 3393 1003 3444 2.
1045 3390 1115 3444 Dass
1149 3393 1196 3446 die
1228 3394 1234 3446 I

131 3470 328 3540 ¹..repupauci
345 3469 711 3539 (Offensive...Defensive,
753 3471 851 3525 Worte
883 3473 964 3527 mehr
995 3473 1113 3528 hiifliohe
1140 3476 1234 3531 Reden

131 3552 186 3620 vgl.
205 3554 265 3604 Att.
276 3550 349 3619 VIII,
368 3555 407 3618 12,
425 3553 453 3620 C,
471 3553 505 3621 1),
517 3559 711 3610 mobili...stc·
753 3555 825 3622 sind,
842 3557 917 3624 zeigt
934 3557 979 3610 die
995 3556 1231 3629 Thatsache,dass

129 3637 308 3701 biltdcmrtuo
318 3674 324 3687 .
335 3675 341 3687 .
351 3654 552 3705 ‚manserem
565 3656 712 3694 vvozuvor·
752 3639 867 3708 Anfang
883 3641 914 3692 61
933 3641 996 3695 eine
1006 3641 1234 3709 (nnrhruohstiicl

130 3717 711 3791 trefflichwiederMetsllus'eigeneWorte
753 3722 941 3791 vorhendene)
976 3724 1052 3780 Rede
1085 3744 1176 3795 gegen
1203 3727 1233 3780 M

130 3801 248 3855 benutzt
258 3801 381 3870 werden;
399 3805 513 3857 urceus
524 3807 569 3870 (=
580 3809 625 3858 etsi
638 3825 711 3860 eram
752 3806 844 3874 Nepos
862 3807 1022 3861 erscheinen
1040 3808 1104 3863 liess
1119 3810 1234 3878 (matium

129 3884 167 3948 d.)
186 3887 217 3937 ab
236 3887 330 3953 officiis
347 3889 399 3938 tuis
410 3887 479 3955 geht
493 3888 544 3941 auf
554 3889 625 3957 die§
639 3894 655 3944 2
671 3908 712 3945 er·
752 3893 869 3944 tullinam
886 3892 946 3945 Att.
973 3892 994 3958 I,
1021 3895 1060 3956 13,
1078 3895 1110 3959 ὃς
1132 3897 1188 3964 vgl.
1206 3895 1234 3948 de

130 3967 711 4035 withnteUnfreundIIchkeitdesMetellus;
753 3977 783 4027 11
803 3974 912 4029 citierte
929 3975 1101 4045 Fragment),
1127 3994 1178 4033 aus
1196 3978 1234 4033 dei

130 4053 212 4104 deseri
228 4055 260 4104 ab
276 4055 370 4121 officiis
396 4054 448 4107 wie
465 4056 526 4109 Att.
549 4056 595 4123 IV,
622 4059 661 4124 10,
680 4061 709 4110 1:
752 4058 896 4126 folgender
911 4058 975 4112 Sata
988 4077 1078 4128 gegen
1095 4061 1189 4130 Nepos
1207 4079 1234 4117 er

130 4154 148 4186 u
165 4137 253 4187 cereta
270 4140 472 4190 oblectationibus
489 4141 597 4192 ἅπασι.
615 4169 649 4178 -
665 4144 711 4193 mi·
753 4141 805 4195 ist:
822 4145 891 4196 venit
908 4162 939 4196 cx
965 4145 1046 4196 Aas‘a:
1072 4147 1117 4199 boc
1142 4149 1229 4215 ipsum

129 4217 235 4286 auam]
260 4220 331 4287 geht
358 4222 409 4275 auf
431 4222 476 4276 die
492 4222 590 4277 Worte
607 4224 637 4276 in
654 4224 711 4279 Me·
752 4229 864 4279 mcum!
879 4229 997 4280 tribunus
1014 4230 1097 4296 pletis
1117 4232 1186 4282 venit
1202 4249 1234 4284 sc

130 4301 224 4354 tellus'
248 4302 337 4357 BrieI:
362 4323 415 4357 aon
440 4309 489 4359 crit
504 4310 664 4375 mirandum,
690 4311 712 4361 si
752 4321 928 4364 cerumtamen
952 4313 1039 4363 uenit!
1063 4310 1104 4365 Er
1129 4329 1196 4383 mag
1221 4315 1234 4367 i?

129 4403 172 4436 coc
186 4389 337 4452 puechoff
355 4388 521 4444 absichtIIch
537 4392 574 4445 ist
581 4411 630 4460 per
646 4396 710 4447 litte·
753 4394 884 4462 Agenten
905 4394 953 4449 des
978 4394 1128 4464 Pompejus
1154 4397 1234 4453 sordi

128 4486 176 4521 rus
192 4469 257 4534 (nur
279 4471 413 4539 papianus
439 4473 622 4544 Drohungen)
650 4476 710 4530 hin·
753 4475 852 4531 haben.
