2602 4890
115 184 173 247 162
603 181 647 236 Ad
664 182 729 237 iam.
744 181 776 249 V,
793 185 817 235 8.
1195 180 1214 251 [1

111 347 250 413 tuendae
271 345 320 411 vel
346 347 442 411 etiam
468 346 643 428 augendae,
666 367 731 412 non
750 348 875 427 dubito,
901 346 980 431 quin
1004 347 1047 412 ad
1073 352 1107 413 te
1132 368 1214 414 omn<

111 447 314 531 scripserint3
332 466 397 511 non
415 447 499 511 enim
512 445 575 509 fuit
588 452 647 511 aut
660 447 818 513 mediocre
826 453 884 513 aut
893 447 1066 513 obscurum
1075 452 1211 514 auteius

111 547 199 632 quod
223 547 352 612 silentio
377 552 487 629 posset
512 547 691 629 praeteriri.
734 547 817 614 Nam
839 553 873 613 ct
893 568 967 612 cum
987 548 1175 615 consulibus
1195 570 1213 613 e

111 648 222 714 multis
240 646 463 712 consularibus
480 652 577 712 tanta
593 647 800 713 contentione
817 647 989 727 decertavi,
1007 655 1214 732 quautanum

111 755 209 813 antea
230 746 297 812 ulla
316 747 349 811 iu
372 766 479 826 causa,
508 747 697 831 suscepique
717 747 796 811 mihi
818 754 1007 833 perpetuam
1028 755 1214 833 propugnat

111 869 170 931 pro
192 847 340 913 omnibus
364 847 560 913 ornamentis
582 848 657 926 tuis,
680 849 844 933 veterique
861 854 990 914 nostrae
1007 850 1214 915 necessitudir

111 950 166 1015 diu
188 948 343 1026 debitum,
367 946 422 1011 sed
445 946 549 1011 multa
566 948 720 1013 varietate
738 955 918 1031 temporum
935 948 1157 1032 interruptum
1177 951 1214 1015 oli

69 1055 86 1105 2
112 1049 277 1113 cumulate
295 1046 428 1111 reddidi.
462 1045 573 1130 Neque
591 1047 770 1113 mehercule
787 1069 941 1131 umquam
958 1048 1038 1113 mihi
1055 1051 1105 1114 tui
1121 1057 1180 1116 aut
1194 1071 1214 1114 c

112 1154 175 1213 aut·
191 1145 329 1211 ornandi
350 1146 500 1210 voluntas
522 1146 644 1227 defuit3
666 1147 722 1213 sed
739 1149 898 1232 quaedam
916 1154 1020 1234 pestes
1038 1147 1204 1213 hominum

111 1249 218 1314 aliena
248 1247 426 1312 dolentium
456 1253 488 1312 et
518 1253 550 1312 te
580 1269 644 1313 non
674 1270 850 1331 numquam
882 1270 902 1314 a
932 1269 983 1313 me
1005 1249 1194 1315 alienarunt

112 1349 285 1433 aliquando
317 1349 532 1413 immutarunt
561 1348 631 1414 tibi.
673 1348 735 1413 Sed
767 1349 891 1413 exstitit
919 1355 1045 1433 tempus
1068 1355 1214 1431 optatum

112 1451 215 1532 magis
242 1469 340 1531 quam
362 1454 536 1531 speratum,
568 1456 606 1514 ut
627 1449 861 1515 florentissimis
883 1451 948 1516 tuis
969 1450 1069 1516 rebus
1089 1471 1162 1516 mea
1182 1472 1214 1534 pe

112 1557 220 1636 posset
238 1556 270 1615 et
286 1549 441 1614 memoria
459 1554 591 1615 nostrae
609 1550 785 1616 voluntatis
803 1557 835 1617 et
853 1551 1014 1616 amicitiae
1031 1550 1124 1631 fides;
1143 1574 1214 1616 snm

112 1657 308 1730 consecutus,
340 1670 404 1714 non
426 1649 522 1715 modo
545 1657 582 1715 ut
603 1651 717 1715 domus
740 1657 798 1715 tua
819 1656 900 1730 tota,
931 1649 988 1716 sed
1009 1656 1046 1714 ut
1069 1658 1214 1717 cuncta(

111 1772 162 1815 me
188 1750 248 1815 tibi
270 1749 496 1815 amicissimum
519 1771 585 1816 asse
607 1757 819 1833 cognosceret.
859 1751 975 1833 ltaque
992 1757 1026 1815 et
1042 1754 1214 1834 praestanti

112 1849 253 1916 omnium
275 1850 479 1931 feminarum,
512 1858 683 1932 uxortua,
712 1857 745 1916 et
767 1851 883 1916 eximia
904 1850 1035 1934 pietate,
1057 1851 1187 1933 virtute,
1209 1878 1214 1935 ι

111 1952 161 2016 tui
182 1949 290 2016 Crassi
312 1953 389 2016 meis
411 1951 562 2032 consiliis,
589 1952 730 2032 monitis,
753 1951 870 2017 studiis
891 1951 1139 2037 actionibusque
1159 1955 1214 2018 nia

112 2058 144 2118 et
174 2057 305 2117 senatus
328 2050 532 2135 populusque
553 2051 718 2117 Romanus
739 2051 899 2135 intellegit
920 2052 981 2116 tibi
1003 2051 1129 2119 absenti
1150 2055 1215 2119 nihi

111 2159 179 2217 tam
213 2157 400 2234 promptum
422 2157 480 2216 aut
500 2158 569 2217 tam
590 2158 741 2235 paratum
763 2173 862 2235 quam
882 2152 916 2215 in
937 2152 1085 2218 omnibus
1106 2154 1212 2235 rebus,

112 2252 154 2317 ad
170 2260 203 2317 te
221 2252 412 2335 pertineant,
431 2272 573 2334 operam,
593 2272 713 2331 curam,
731 2252 940 2334 diligentiam,
957 2255 1189 2318 auctoritatem
1205 2277 1214 2319 r

70 2376 87 2426 3
196 2354 285 2431 Quae
316 2352 381 2416 sint
404 2358 476 2418 acta
498 2373 644 2437 quaeque
665 2360 815 2436 agantur,
846 2352 1095 2419 domesticorum
1118 2355 1179 2420 tibi
1200 2356 1214 2419 l⁴

112 2454 269 2519 declarari
286 2460 379 2537 puto:
399 2453 437 2518 de
455 2475 506 2519 me
523 2454 568 2520 sic
586 2457 747 2520 existimes
765 2476 803 2519 ac
820 2454 882 2520 tibi
899 2454 1094 2538 persuadeas
1111 2456 1214 2523 vehen

111 2554 217 2634 velim,
250 2576 313 2620 non
343 2575 394 2619 me
416 2555 583 2638 repentina
604 2556 715 2639 aliqua
735 2556 902 2621 voluntate
923 2564 981 2622 aut
1003 2555 1141 2622 fortuito
1164 2559 1205 2622 ad

112 2652 356 2737 amplitudinem
386 2653 465 2718 meis
496 2654 608 2720 officiis
630 2655 886 2738 amplectendam
907 2654 1065 2738 incidisse,
1096 2657 1162 2738 sed,
1193 2682 1214 2723 u

111 2776 199 2818 mum
230 2756 336 2819 forum
365 2755 540 2836 attigerim,
570 2762 730 2838 spectasse
760 2776 892 2838 semper,
922 2762 961 2820 ut
990 2757 1052 2822 tibi
1073 2778 1198 2840 possem

111 2925 150 2977 im
169 2924 312 2992 folgenden
331 2923 417 2978 Jahre
439 2925 478 2976 im
496 2922 580 2976 Sonat
598 2922 699 2976 darauf
738 2940 782 2990 ep.
799 2928 840 2989 70,
857 2925 884 2992 7)
909 2924 967 2978 und
984 2924 1093 2993 Appius
1112 2927 1214 2981 Claudii

112 3012 286 3076 angetragen
295 3007 398 3072 wurde,
408 3006 521 3059 Crassus
539 3023 589 3059 aus
599 3005 696 3073 Syrien
738 3006 804 3060 cher
822 3005 905 3074 (Einl.
916 3026 949 3061 zu
967 3025 1011 3077 ep.
1027 3009 1088 3076 44);
1104 3010 1214 3065 besond

112 3089 376 3155 zuriickzuberulsn,
402 3088 502 3156 sprach
530 3090 622 3144 Cicero
651 3088 697 3142 fur
737 3094 856 3144 crateron
884 3091 932 3144 des
960 3091 1072 3145 Crassus
1104 3093 1214 3162 Gegner

112 3173 166 3226 den
184 3171 337 3226 Prokonsul
354 3172 413 3226 und
430 3173 549 3228 meldete
566 3172 624 3225 ihm
638 3171 696 3225 dies
737 3173 828 3228 dieser
837 3174 932 3228 friiher
943 3175 1019 3229 scine
1028 3175 1214 3246 Bewerbungr

113 3255 236 3324 sogleieh
262 3255 291 3308 in
321 3255 385 3309 dem
410 3255 605 3325 vorliegenden
632 3253 696 3308 sehr
738 3257 875 3311 Konsulst
897 3259 1058 3327 gswsltssm
1086 3261 1214 3314 vereitelt

114 3339 310 3406 diplomatisch
328 3339 497 3408 gehaltanen
515 3340 622 3394 Briele:
639 3354 695 3393 was
770 3344 795 3394 2.
812 3343 984 3394 immutarunt
1012 3339 1065 3409 obi]
1096 3343 1214 3398 schwiicl

113 3421 257 3473 Manutius
283 3439 336 3474 von
363 3422 421 3475 ihm
448 3422 558 3477 riihmt:
585 3434 621 3478 est
639 3463 645 3476 .
664 3462 696 3476 ..
738 3426 933 3477 damnarunt:
951 3423 1115 3494 ‘ungiiustig
1141 3443 1211 3496 gege

113 3507 175 3557 haec
192 3506 301 3571 epistula
317 3508 474 3557 storacium
501 3510 695 3574 officiosissima,
737 3506 945 3574 gestimmt'.-
961 3510 1152 3575 florentissimis
1168 3512 1214 3561 tuis

113 3591 149 3641 ste
179 3590 266 3641 eadem
292 3592 407 3641 omnium
432 3593 632 3657 prudentissime
662 3612 693 3646 oc
737 3591 873 3644 erliiutert
890 3592 948 3645 und
965 3591 1121 3661 begriindet
1139 3593 1214 3646 dus*

113 3674 292 3725 modestissime
316 3675 467 3741 cassempta,
492 3675 530 3728 ist
557 3692 610 3729 nur
632 3676 696 3731 sehr
737 3672 875 3741 gehande:
894 3685 993 3742 tempos
1013 3684 1129 3742 optatam
1145 3680 1214 3744 mapa·

114 3755 246 3809 teilweise
264 3755 309 3808 ein
328 3755 394 3808 Lob.
736 3767 877 3824 speratam.
901 3785 936 3796 -
960 3777 1027 3811 eaor
1053 3757 1111 3826 tuo]
1138 3759 1214 3814 Tetti

736 3843 775 3892 tui
796 3840 891 3909 Οναεεί]
907 3842 989 3896 deine
1005 3843 1105 3897 beiden
1123 3842 1214 3898 Sdbne

148 3926 171 3974 1.
191 3924 321 3987 Quotam
338 3920 384 3990 ad]
403 3925 439 3975 ad
455 3925 492 3976 ist
510 3925 588 3979 nicht
605 3944 638 3979 zu
655 3942 697 3980 er·
737 3941 784 3978 cus
802 3924 859 3978 und
876 3924 991 3978 Publius
1000 3925 1131 3994 Crassus3
1148 3928 1214 3982 siehr

114 4006 319 4069 kldremadbue
328 4005 421 4061 Orelli.
438 4007 471 4060 K.
478 4007 623 4062 Lehmann
636 4025 696 4063 ver·
737 4007 787 4062 hor
805 4007 848 4075 §4
866 4009 1020 4077 undzuep.
1031 4012 1164 4076 112,1.-
1172 4031 1214 4079 prr

115 4093 215 4157 mutet,
242 4090 304 4144 dass
330 4090 417 4144 davor
434 4093 618 4144 incrementum
635 4108 696 4145 sus·
738 4090 944 4160 ...paratum]
962 4109 996 4145 an
1013 4109 1057 4161 ep.
1074 4095 1098 4160 6,
1117 4097 1142 4149 7.

115 4173 235 4241 gefallen
253 4175 292 4226 sei
301 4193 308 4241 ;
325 4173 370 4228 die
381 4174 497 4242 Angsbe
514 4175 562 4228 des
579 4173 697 4228 Datums
772 4178 797 4229 3.
817 4178 889 4241 Quae
904 4178 954 4228 sint
970 4175 1039 4244 acte]
1060 4176 1119 4231 dies
1136 4177 1214 4233 beris]

115 4256 151 4321 (a.
168 4259 194 4310 d.
272 4257 337 4311 oder
355 4258 413 4309 Id:
437 4257 642 4324 Mendelssohn)
660 4258 698 4312 ist
739 4258 818 4312 mehr
835 4258 984 4328 allgemeiu
1001 4261 1052 4315 aul
1065 4260 1112 4317 die
1129 4261 1214 4331 Vorgt

115 4339 144 4391 in
163 4342 252 4394 einem
270 4357 300 4393 so
317 4340 480 4395 formlichen
498 4340 589 4397 Bricle
606 4342 696 4411 wenig
739 4341 826 4408 Rom,
844 4342 885 4395 als
903 4344 953 4397 suf
966 4344 1012 4399 die
1029 4344 1117 4400 Socho
1134 4344 1214 4400 desc

115 4422 350 4478 wabrseheinlich.
385 4454 416 4463 -
451 4443 508 4477 cum
541 4423 695 4494 missalibus]
738 4453 770 4463 -
786 4425 926 4495 voluntate]
944 4426 1057 4495 ‘Lsuna
1065 4427 1214 4483 Anwsndlu

109 4505 142 4559 L,
160 4505 302 4561 Domitius
324 4506 526 4563 Ahenobarbus
552 4507 636 4577 (hini.
662 4526 696 4563 zu
733 4511 826 4577 forum
843 4508 979 4578 atuyesm]
1002 4511 1151 4567 stebender
1172 4514 1211 4564 Au
