2602 4890
55 203 73 274 ,]
415 204 459 258 Ad
475 205 543 258 fam.
560 202 609 271 Xl,
626 207 667 259 27.
1079 204 1143 266 42?

55 392 145 435 meus
160 370 266 452 coegit
282 371 347 435 sive
364 370 506 436 officium
523 371 589 436 sive
606 370 751 435 fortuna:
771 370 857 453 qnod
876 369 1019 435 officium
1036 375 1140 447 tuum,

55 470 190 535 studium
212 471 262 534 vel
284 471 315 533 in
339 471 503 535 absentem
521 491 572 534 me
590 470 640 534 vel
657 470 691 532 in
710 470 889 552 praesentis
907 490 991 536 meos
1010 470 1140 536 deluit?

55 592 147 655 porro
169 593 277 637 omnes
298 572 362 635 mei
391 572 524 636 etmihi
553 578 586 636 et
615 571 678 636 sibi
707 578 741 635 te
763 569 946 634 amiciorem
980 571 1139 636 iudicare-

59 671 138 736 Veni
162 671 388 736 Brundisium:
420 672 599 737 oblitumne
620 692 671 735 me
692 677 798 755 putas,
821 691 887 752 qua
905 671 1080 749 celeritate,
1103 679 1141 737 ut

55 794 73 835 n
95 771 247 850 audieris,
269 771 311 836 ad
333 793 383 835 me
405 771 547 837 Tarento
570 772 756 836 advolutis?
779 793 863 855 quae
885 778 945 837 tua
962 771 1061 838 fuerit
1082 773 1139 837 ad-

65 873 181 950 oratio,
204 871 406 937 confirmatio
429 873 527 938 animi
549 875 612 936 mei
633 872 731 938 fracti
753 874 971 937 communium
996 874 1139 937 miseria·

55 973 142 1037 retu?
164 972 307 1038 Tandem
330 973 506 1055 aliquando
529 974 649 1039 Romae
671 994 740 1038 esse
762 973 943 1056 coepimus:
974 974 1052 1054 quid
1084 972 1137 1037 de·
1163 990 1183 1041 5

55 1081 150 1139 »strae
170 1074 412 1139 familiaritati?
447 1075 484 1138 ln
507 1075 653 1139 maximis
676 1074 782 1153 rebus,
805 1095 947 1156 quonam
970 1074 1063 1138 modo
1086 1094 1139 1156 ge·

58 1195 110 1238 me
133 1174 283 1239 adversus
306 1174 487 1252 Caesarem,
505 1196 583 1239 usus
605 1181 661 1239 tuo
684 1175 919 1255 consiliosum,
942 1174 975 1238 in
1007 1174 1140 1257 reliquis

55 1293 59 1337 :
83 1274 135 1338 cui
157 1279 194 1338 tu
217 1274 364 1340 tribuisti
385 1282 518 1357 excepto
541 1274 678 1339 Caesare
701 1280 831 1358 praeter
853 1296 911 1355 me,
943 1281 981 1339 ut
1011 1275 1140 1339 domum

59 1375 279 1456 reshorasque
297 1377 417 1439 multas
434 1396 530 1458 saepe
551 1376 740 1440 suavissimo
750 1396 897 1439 sermone
915 1376 1141 1441 consumeres?

57 1497 111 1539 um
134 1477 241 1555 etiam,
263 1478 290 1541 si
312 1477 494 1555 meministi,
518 1482 554 1540 ut
576 1476 654 1540 haec
674 1476 939 1561 ᾳιλοσοᾳούμειια
957 1476 1138 1556 scriberem,

64 1576 229 1660 impulisti.
274 1577 350 1642 Post
373 1577 520 1643 Caesaris
541 1577 682 1641 reditum
704 1576 783 1659 quid
805 1575 867 1639 tibi
898 1576 1012 1640 maiori
1043 1597 1140 1641 curae

55 1696 126 1739 nam
145 1685 182 1740 ut
200 1698 299 1741 essem
319 1698 377 1759 ego
395 1678 443 1741 illi
461 1699 558 1760 quam
573 1676 868 1740 familiarissimus?
885 1675 972 1758 quod
982 1676 1139 1741 effeceras·

55 1796 175 1840 norsum
197 1777 296 1859 igitur
318 1777 397 1842 haec
420 1780 525 1841 oratio
547 1777 684 1858 longior,
715 1795 814 1858 quam
845 1776 1023 1858 putaram?
1055 1777 1138 1853 Quia
1165 1796 1187 1848 ο.

55 1875 205 1966 lmiratus
227 1883 269 1956 te,
288 1877 345 1958 qui
368 1876 446 1940 haec
467 1897 560 1941 nosse
582 1875 724 1953 deheres,
746 1878 921 1958 quicquam
941 1897 960 1939 a
981 1898 1031 1941 me
1053 1898 1138 1942 com·

55 1998 76 2055 r,
95 1977 182 2058 quod
200 1983 281 2041 esset
295 1978 436 2041 alienum
454 1985 568 2042 nostra
578 1977 730 2054 amicitia,
749 1976 942 2055 credidisse3
960 1998 1034 2041 nam
1046 1998 1138 2059 prae-

55 2098 94 2156 eo,
116 2098 200 2160 quae
222 2079 477 2155 commemoravi,
500 2100 583 2162 quae
605 2085 726 2142 testata
748 2086 824 2141 suut
847 2083 879 2141 et
901 2077 1055 2153 illustria,
1080 2080 1137 2140 ha-

55 2178 122 2242 nlta
144 2179 332 2256 occultiora,
363 2200 447 2262 quae
468 2180 522 2243 vix
543 2180 649 2242 verbis
679 2179 809 2262 exsequi
840 2199 977 2260 possum.
1020 2177 1137 2243 Omnia

55 2279 259 2358 adelectant,
290 2279 346 2344 sed
377 2281 515 2345 maxime
544 2282 683 2344 maxima
715 2300 787 2343 cum
817 2278 896 2343 fides
926 2279 958 2341 in
990 2280 1140 2354 amicitia,

55 2399 117 2458 nm,
139 2381 290 2460 gravitas,
321 2382 514 2460 constantia,
545 2389 614 2443 tum
645 2380 743 2462 lepos,
775 2380 971 2458 hnmanitas,
1003 2379 1140 2445 litterae.

55 2486 224 2562 rapropter
241 2518 283 2529 -
300 2481 393 2545 redeo
416 2501 501 2544 nuno
518 2480 560 2545 ad
582 2481 745 2563 querelam
764 2503 879 2561 -ego
898 2488 929 2545 te
947 2480 1139 2562 suffragium
1167 2500 1187 2550 τ

70 2579 103 2643 in
126 2580 183 2644 illa
204 2580 275 2662 lege
296 2581 437 2663 primum
459 2603 524 2645 non
547 2582 687 2660 credidi3
721 2582 844 2657 deinde,
873 2582 900 2645 si
927 2582 1142 2660 credidissem,

55 2701 113 2743 ¹am
143 2680 176 2743 id
209 2680 278 2744 sine
309 2680 418 2762 aliqua
449 2681 537 2746 iusta
568 2702 665 2746 causa
696 2682 912 2747 existimarem
951 2688 983 2746 te
1022 2682 1142 2746 fecisse.

55 2800 87 2843 as
108 2785 167 2843 tua
191 2780 277 2857 facit,
301 2788 337 2844 ut
358 2781 647 2862 animadvertatur,
670 2783 824 2865 quicquid
847 2783 966 2862 facias;
1001 2783 1141 2848 malevo-

60 2885 169 2943 autem
193 2880 373 2959 hominnm,
405 2889 528 2946 utnon
560 2883 651 2948 nulla
683 2884 805 2960 durius,
836 2905 936 2966 quam
958 2906 978 2948 a
1000 2891 1032 2948 te
1055 2884 1143 2949 facta

81 3169 143 3219 Veni
160 3168 342 3232 Brundisium]
370 3168 440 3221 nach
468 3168 517 3221 der
559 3171 661 3231 recdo5
678 3169 852 3237 gewbhnlicb
871 3171 958 3223 denkt
975 3170 1143 3223 manhiebei

55 3256 62 3302 t
89 3250 133 3302 hei
160 3250 314 3303 Pharsalus.
354 3251 392 3303 Es
419 3258 517 3320 aeugte
559 3269 594 3304 an
613 3251 657 3305 die
676 3252 845 3321 terragona,
873 3254 974 3308 welche
992 3255 1077 3308 Chsar
1102 3256 1143 3308 als

55 3349 83 3400 gs
111 3350 164 3386 von
192 3334 349 3387 liebevoller
367 3334 424 3387 und
442 3335 518 3388 edler
560 3336 691 3389 Diktator
708 3337 746 3389 im
764 3338 791 3390 J.
810 3340 844 3392 48
861 3356 910 3391 zur
928 3338 1142 3407 Erleichterung

58 3434 104 3483 ng,
130 3417 192 3469 dass
215 3418 318 3472 Matius
337 3419 450 3483 damals,
477 3420 517 3470 als
559 3419 834 3474 derVerschuldeten
853 3422 1143 3490 erliess(auep.90,7;

57 3516 112 3566 gen
130 3499 293 3553 cesariana·
319 3504 388 3554 stolz
412 3502 462 3555 auf
477 3502 517 3555 ci·
559 3503 632 3556 Suet.
651 3503 710 3555 cta.
728 3506 777 3569 423
795 3504 854 3557 Cas.
874 3504 898 3555 b¹
922 3507 974 3559 civ.
993 3507 1041 3571 llI,
1062 3512 1083 3573 1,
1101 3507 1144 3573 2):

55 3583 195 3649 rabaahen,
213 3584 384 3648 herheisilte,
402 3602 448 3637 um
463 3585 516 3638 den
559 3587 607 3639 das
634 3604 691 3639 war
718 3588 784 3640 aber
810 3605 862 3655 gar
890 3587 971 3643 keine
992 3593 1049 3651 lec,
1077 3590 1144 3644 eher

55 3666 154 3719 :lichen
181 3686 215 3721 au
245 3668 401 3735 begriisseu.
423 3697 449 3704 --
469 3670 517 3719 od·
558 3669 665 3721 kb'nnte
693 3687 758 3722 man
786 3671 895 3725 deuken
923 3691 958 3725 au
985 3678 1062 3739 lacem
1091 3678 1143 3726 dio-

55 3753 123 3816 atio,
132 3749 302 3818 confirmatio]
321 3752 388 3803 iiber
398 3751 442 3803 die
453 3750 517 3804 Um·
559 3754 647 3803 tatoris
666 3754 792 3820 (saccaria,
817 3774 869 3823 quo
886 3759 918 3808 de
936 3760 1006 3808 modo
1022 3760 1144 3810 credendi

55 3852 99 3901 mg
116 3854 148 3887 zu
166 3853 209 3901 ep.
226 3837 268 3901 82,
288 3839 309 3887 l.
555 3837 751 3904 possidendique
791 3841 863 3890 intro
898 3842 1006 3892 Italiam
1039 3851 1144 3893 cauetur

55 3918 319 3985 οψιλοσοφούμενα]
339 3918 517 3971 meinensuc·
557 3918 631 3981 (Tac.
650 3922 722 3973 Anu.
743 3920 787 3987 vl,
807 3925 838 3974 16
864 3922 920 3975 und
948 3923 1008 3974 hier
1025 3922 1143 3989 Nipper-

56 4002 247 4069 losophischen
258 4000 395 4055 Schriften
407 4001 517 4068 (defici·
558 4002 629 4071 dey).
648 4003 716 4057 aber
733 4006 784 4058 wie
807 4006 844 4057 ist
862 4022 890 4057 aa
909 4004 1143 4074 wahrscheinlich,

55 4104 114 4137 rum
131 4097 155 4139 et
172 4090 301 4139 malorum
318 4089 369 4148 45,-
383 4088 515 4139 Acodemi·
558 4088 621 4141 dass
644 4087 736 4140 Cicero
762 4088 824 4141 dem
845 4088 948 4141 Matius
976 4090 1052 4142 aeine
1078 4090 1144 4143 blit-

55 4173 150 4221 rationes
174 4173 226 4231 45,·
249 4173 411 4223 montanae
428 4173 515 4238 dispo·
558 4172 689 4240 wirkung
715 4189 750 4223 au
778 4172 841 4224 dem
868 4171 1142 4227 Zustandekommen

55 4252 387 4321 15-44).-poaoaaara
395 4253 514 4322 reditium]
558 4255 632 4308 eines
643 4256 739 4309 soweit
748 4254 996 4323 zuriickliegenden
1007 4256 1145 4321 Gesetzes,

55 4339 168 4392 nien.-
180 4340 248 4406 quod
265 4339 393 4403 effeceras!
412 4338 515 4391 wasdu
557 4340 615 4391 und
633 4339 735 4406 genade
752 4340 840 4391 dieses
858 4338 988 4392 Geretzes
1006 4358 1055 4393 zur
1073 4341 1142 4393 Last

57 4422 127 4474 mals
145 4419 254 4489 (sofort)
272 4422 391 4475 hewirkt
409 4422 480 4475 hant.
557 4422 655 4490 legts?
698 4422 752 4473 Das
780 4439 834 4475 von
861 4422 974 4475 Tacitus
997 4423 1143 4476 eru'tihnte

55 4508 100 4558 illo
116 4503 179 4573 loos]
196 4524 230 4547 =
246 4507 277 4559 in
293 4508 340 4558 illa
361 4509 412 4572 lcqa
429 4508 514 4574 perse-
557 4505 655 4559 Gesetz
680 4506 718 4558 ist
745 4506 885 4559 vielleicht
909 4522 956 4573 eu.
981 4508 1075 4570 lbl,‘l
1098 4522 1147 4571 sas-
