2602 4890
17 116 20 123 Ι
108 169 169 233 338
531 163 659 219 Adsum.
676 163 722 231 IV,
740 164 779 218 14„
797 162 902 232 VI,22.
1100 148 1112 193 ’-
1149 164 1215 239 [app

108 334 273 418 publicam
295 331 515 411 offendissem
538 331 657 415 quibus
679 331 764 396 enim
786 349 846 413 pro
868 330 947 399 meis
963 330 1215 399 immortalibus*

109 434 190 500 ficiis
217 433 384 500 carissima
409 453 482 497 mea
500 432 589 497 salus
610 436 643 498 et
662 451 753 497 meae
774 429 927 497 fortunae
948 452 1017 497 esse
1040 433 1206 515 debebant,

110 541 245 619 propter
266 555 376 600 eorum
398 532 500 599 scelus
521 531 603 597 nihil
625 531 706 596 mihi
726 531 816 596 intra
832 552 919 598 meos
936 533 1079 617 parietes
1096 540 1207 614 tutum,

110 634 236 699 insidiis
266 653 401 699 vacuum
431 632 581 710 viderem,
611 652 766 696 novarum
792 651 842 696 me
863 633 1135 701 necessitudinum
1160 635 1215 703 fide

111 740 226 800 contra
245 739 388 800 veterum
409 731 578 816 perfidiam
600 730 808 797 muniendum
830 732 952 815 putavi

67 838 85 889 4
194 834 254 899 Sed
278 833 317 898 de
338 832 459 898 nostris
480 832 578 898 rebus
599 833 679 897 satis
700 833 750 898 vel
771 832 870 898 etiam
887 833 1023 899 nimium
1042 835 1154 901 multa
1187 837 1215 900 b

109 934 203 1000 velim
234 939 271 999 ut
301 953 338 999 eo
361 935 405 998 sis
427 933 546 1013 animo,
576 953 640 1017 quo
663 933 759 998 debes
781 954 856 1013 esse,
887 934 1004 1015 idest,
1035 942 1075 1001 ut
1096 958 1137 1002 ne
1157 940 1215 1022 quil

109 1036 280 1118 praecipue
310 1033 488 1099 timendum
519 1039 631 1116 putee;
662 1033 796 1098 sienim
818 1039 926 1099 status
943 1036 1006 1100 erit
1028 1036 1149 1120 aliquis
1168 1039 1215 1103 oin'

109 1137 303 1219 quicumque
333 1135 405 1212 erit,
438 1141 471 1199 te
503 1134 645 1199 omnium
676 1132 892 1216 periculorum
922 1135 1015 1201 video
1046 1144 1206 1220 expertem

108 1257 184 1301 narn
215 1235 333 1301 alteros
363 1234 426 1300 tibi
455 1234 519 1299 iam
547 1234 694 1317 placatos
715 1254 781 1300 esse
801 1235 964 1319 intellego,
996 1237 1119 1303 alteros
1141 1260 1215 1303 num

109 1337 213 1402 iratos
244 1335 353 1401 fuisse.
395 1335 444 1400 De
474 1355 546 1400 mea
576 1339 685 1400 autem
707 1336 740 1399 in
762 1341 796 1400 te
817 1335 984 1402 voluntate
1005 1337 1051 1401 sic
1071 1338 1165 1404 velim
1185 1340 1215 1403 iu

110 1458 170 1517 me,
190 1437 446 1520 quibuscumque
463 1434 560 1500 rebus
578 1455 659 1517 opus
678 1455 745 1500 esse
759 1435 955 1518 intellegam,
973 1457 1171 1522 quamquam
1182 1441 1215 1504 vi

109 1539 167 1621 qni
207 1536 268 1601 sim
299 1536 360 1601 hoc
386 1541 529 1619 tempore
552 1540 585 1600 et
606 1534 686 1618 quid
706 1536 835 1617 possim,
869 1556 967 1619 opera
989 1543 1101 1603 tamen
1122 1546 1155 1605 et
1175 1561 1215 1606 cor

112 1637 220 1704 studio
238 1636 369 1720 quidem
387 1642 481 1716 certe,
503 1636 559 1717 rei,
583 1636 697 1712 famae,
721 1635 821 1700 saluti
838 1642 915 1702 tuae
932 1643 1064 1720 praesto
1081 1641 1215 1705 futurum

109 1739 215 1818 velim,
246 1736 378 1821 etquid
406 1757 484 1819 agas
507 1742 540 1802 et
562 1735 643 1819 quid
663 1743 812 1802 acturum
834 1743 867 1802 ts
887 1744 992 1820 putes,
1022 1739 1125 1807 facias
1146 1763 1215 1807 mss

110 1838 353 1922 diligentissime
375 1839 553 1903 certiorem.

497 2037 592 2106 XCV.
615 2038 671 2122 (ad
691 2038 765 2107 farn.
787 2038 842 2119 Vl,
866 2041 928 2123 222)

473 2190 529 2246 Ser.
547 2190 654 2245 Rornae
671 2193 704 2244 A.
722 2189 756 2245 U.
775 2190 803 2245 (Ι.
821 2193 872 2246 708
889 2191 952 2261 (46).

504 2322 662 2391 CICERO
684 2322 877 2392 DOMITIO.

68 2497 82 2547 1
194 2475 265 2541 Non
287 2495 327 2539 ea
344 2495 394 2539 res
412 2495 461 2539 me
480 2473 648 2554 deterruit,
667 2475 867 2558 quominus,
885 2480 1118 2559 posteaquam
1137 2477 1170 2541 in
1188 2477 1214 2540 lt

109 2576 233 2656 venisti,
264 2575 392 2641 litteras
423 2575 466 2640 ad
486 2581 520 2640 te
541 2577 713 2657 mitterem,
744 2576 831 2661 quod
854 2582 891 2642 tu
912 2577 955 2643 ad
976 2599 1027 2642 me
1047 2578 1155 2644 nullas
1176 2578 1215 2642 mi

110 2676 165 2742 sed
187 2677 265 2760 quia
285 2697 351 2754 nec,
373 2675 451 2759 qnid
473 2675 535 2741 tibi
556 2677 732 2760 pollicerer,
754 2679 822 2761 ipse
843 2698 938 2762 egens
960 2679 1057 2744 rebus
1081 2679 1215 2745 omnibus

142 2900 166 2952 3.
187 2896 285 2962 Quibus
297 2932 303 2945 .
314 2935 320 2949 .
331 2934 338 2948 .
348 2896 481 2946 carissimo
490 2911 542 2945 esee
557 2892 690 2962 debebant]
733 2896 790 2964 vgl.
808 2896 842 2951 de
852 2896 898 2951 off.
914 2897 936 2961 Ι,
956 2898 1021 2951 138:
1039 2900 1077 2950 Et
1092 2901 1210 2966 quoniam

109 2980 200 3036 damit
218 2979 307 3034 meint
336 2995 366 3032 er
388 2980 484 3033 seinen
502 2977 609 3032 Bruder
635 2977 693 3031 und
732 2982 918 3048 persequemur,
935 2983 1052 3033 cottanae
1069 2983 1174 3049 paridem
1190 3000 1215 3034 cc

110 3065 209 3119 dassen
227 3063 311 3130 Sohn,
336 3062 381 3117 die
407 3080 437 3116 so
454 3061 553 3116 lieblcs
579 3078 615 3114 an
633 3061 692 3114 ihm
733 3066 842 3116 cendum
876 3075 913 3118 est
930 3104 937 3118 .
955 3102 962 3116 .
980 3082 1006 3126 .,·
1033 3064 1093 3117 und
1119 3065 1187 3119 Cato

110 3148 261 3217 gebandelt
279 3147 378 3201 hatten
397 3145 450 3215 (ep.
468 3145 521 3213 84),
538 3145 596 3199 und
619 3145 693 3199 seins
733 3149 856 3215 quoniam
885 3166 1035 3216 speramur,
1064 3152 1186 3202 volumus
1212 3177 1215 3216 1

110 3231 209 3284 Gattin
228 3229 370 3295 Terentia,
388 3229 476 3284 durch
488 3230 572 3283 deren
591 3228 693 3283 Schuld
734 3240 799 3284 certe
815 3249 885 3285 senae
897 3233 967 3300 ficri.

109 3315 159 3368 der
178 3315 303 3382 grbssere
320 3313 380 3368 Teil
407 3313 496 3367 seinos
521 3312 693 3381 Vermbgens

110 3397 261 3466 vergeudet
279 3397 389 3451 worden
407 3414 480 3451 war:
497 3396 555 3450 ΑΕ.
573 3398 614 3451 38.
767 3396 847 3451 XCV.
881 3398 938 3452 Cn.
956 3397 1156 3454 Domitius
1176 3398 1215 3452 Al

143 3482 167 3533 4.
185 3482 230 3532 tibi
242 3478 693 3547 praccipaettmeuduml‘speziell'‚
735 3482 779 3535 ba
792 3482 884 3535 rbus
910 3498 968 3535 war
986 3482 1034 3535 der
1052 3481 1127 3536 Sobn
1151 3484 1197 3537 dos

111 3562 190 3616 mehr
217 3562 257 3616 als
284 3561 329 3617 die
355 3564 476 3618 anderen
494 3563 695 3632 Pompsjaner3
735 3566 833 3619 mitius
851 3565 1060 3633 Ahenobarbus,
1089 3567 1137 3621 des
1156 3566 1215 3622 belo

109 3664 153 3715 ep.
172 3648 230 3711 105,
249 3649 271 3700 1.
288 3675 322 3684 -
339 3649 431 3701 clterm
446 3667 588 3717 numquam
604 3645 694 3716 iratos]
735 3648 862 3717 heltigen
879 3650 1004 3718 ngners
1022 3666 1078 3704 von
1095 3650 1182 3704 Oisar
1200 3650 1215 3717 (r

111 3731 155 3786 die
169 3728 362 3796 Pompejaner,
371 3730 460 3784 denen
474 3731 603 3785 Plancius
614 3730 693 3785 nicht
735 3750 769 3785 zu
786 3749 829 3800 ep.
846 3731 903 3800 68):
929 3733 1006 3787 seins
1023 3733 1135 3788 Mutter
1152 3751 1209 3787 war

111 3814 265 3883 abtriinnig
286 3814 432 3883 geworden
460 3832 534 3883 war,
563 3817 694 3869 alteri...
735 3813 888 3869 Schwestsr
905 3815 1010 3871 Porcia.
1054 3815 1142 3872 Vater
1169 3835 1215 3871 un(

112 3902 198 3967 alteri,
216 3901 287 3955 noch
302 3916 346 3966 ep.
356 3901 390 3953 94
402 3899 460 3952 und
472 3899 517 3953 bei
527 3898 613 3954 Cisar
624 3900 651 3953 b.
661 3899 694 3953 G.
735 3915 829 3953 waren
854 3916 908 3953 von
926 3899 1011 3954 Clitar
1036 3901 1067 3954 in
1093 3900 1215 3956 Corfiniu

110 3984 132 4051 I,
148 3987 190 4050 26,
209 3989 241 4053 l;
257 3983 289 4050 V,
299 3986 383 4049 54‚4;
402 3983 461 4045 VII,
476 3987 516 4050 17,
527 3987 553 4051 2,
569 3984 608 4037 ist
617 3986 694 4038 sonst
735 3984 836 4052 langen
855 3983 912 4037 und
925 3983 1102 4054 freigegeben
1120 3985 1213 4039 words

111 4067 190 4121 nicht
207 4069 308 4137 gerade
326 4066 436 4135 hbufig:
454 4066 581 4120 Wblfflin
590 4066 693 4121 Archiv
736 4067 784 4121 der
814 4065 898 4121 Vater
925 4067 995 4121 nach
1030 4067 1080 4121 der
1114 4067 1215 4123 Schlac}

110 4151 146 4218 Il,
163 4153 221 4205 235.
240 4183 272 4192 —
298 4155 343 4221 qai
358 4150 415 4220 am]
438 4151 493 4205 ΡΑ.
516 4150 551 4216 ΙΙ,
574 4153 631 4205 171.
662 4178 690 4188 -
734 4150 882 4205 Pharsalus
900 4150 951 4204 auf
965 4150 1015 4204 der
1031 4150 1135 4205 Flnoht
1161 4169 1215 4220 nmp

111 4237 195 4289 studio
213 4237 316 4302 quidem
331 4232 405 4303 certe]
432 4233 520 4289 durch
538 4233 612 4287 disse
629 4233 693 4287 dem
735 4250 800 4287 men
814 4250 880 4299 war,
897 4233 997 4288 kehrte
1008 4234 1057 4288 der
1068 4233 1144 4289 Sohn
1158 4252 1215 4288 awa

111 4315 694 4387 Sohreibendennuchtriiglicheinfallende
737 4316 915 4371 daraufnaeh
931 4316 1215 4386 Italiensuriiclr,lebt

116 4405 241 4457 eorrectio
258 4402 329 4456 wird
347 4403 396 4456 das
414 4402 511 4456 zweite
528 4400 616 4467 Glied,
634 4400 691 4454 aleo
734 4400 959 4469 zuriiclrgezogen
976 4400 1027 4454 auf
1040 4400 1134 4456 einem
1152 4402 1215 4457 Lan

110 4486 269 4553 hieraadio,
284 4484 691 4555 wesentlicbhervorgehoben;
733 4482 842 4538 Furcht
867 4484 934 4538 oder
957 4484 1130 4555 Abneignng
1155 4501 1215 4557 geg«
