2602 4890
113 195 174 258 m
589 190 827 258 mmmm
1096 140 1195 263 ἰ

114 357 323 422 incommodis
345 357 554 423 libentissime
576 357 625 423 vel
646 357 717 422 istis
733 357 821 440 ipsis,
843 377 927 441 quae
948 362 986 422 tu
1007 379 1059 425 me
1079 380 1190 426 mones

66 464 88 516 d
113 478 212 538 ream,
234 457 446 523 redemissem.
488 457 571 523 Filio
592 477 673 536 meo,
691 476 788 540 quem
811 456 874 522 tibi
896 478 1008 523 carum
1039 480 1108 525 esse
1128 480 1196 543 gau

113 560 174 623 erit
195 559 262 624 ulla
282 578 334 623 res
354 557 501 642 publica,
522 557 603 623 satis
624 556 767 641 amplum
788 557 1021 640 patrimonium
1042 560 1196 643 relinquat

113 658 405 741 moriamnominis
427 659 507 737 mei3
529 659 579 723 ein
602 663 712 724 autem
728 657 820 722 nulla
841 658 913 738 erit,
930 658 1014 723 nihil
1032 660 1158 725 accidet
1174 663 1196 726 ei

113 759 211 824 ratim
233 778 253 822 a
273 758 405 841 reliquie
426 758 558 825 civibus.
612 757 695 823 Nam
724 758 812 841 quod
838 779 944 841 rogas,
963 765 1000 824 ut
1022 759 1194 842 respiciam

111 879 183 923 rum
206 879 322 935 meum,
346 859 581 923 adulescentem
603 858 760 942 optimum
782 858 924 942 mihique
946 858 1165 924 carissimum:
1190 882 1196 924 r

112 958 207 1039 bitae,
229 960 285 1042 qui
307 959 398 1038 scias,
420 961 535 1043 quanti
558 980 629 1024 cum
647 959 749 1039 illum,
774 965 844 1024 tum
872 980 946 1025 vero
967 958 1110 1025 Tulliam
1140 981 1196 1025 me:

111 1060 203 1138 eiam,
226 1059 304 1142 quin
326 1080 364 1124 ea
385 1079 435 1123 ms
457 1080 535 1125 cura
555 1060 830 1125 vehementissime
859 1058 1035 1126 sollicitet?
1066 1067 1099 1125 et
1130 1081 1169 1126 eo

111 1159 199 1242 quod
219 1159 253 1222 in
274 1160 496 1225 communibus
516 1160 651 1224 miseriis
673 1159 734 1224 hac
755 1167 863 1225 tamen
882 1160 1070 1226 oblectabar
1087 1162 1196 1245 specul

111 1258 263 1325 labellam
284 1279 391 1324 meum
412 1260 461 1324 vel
483 1260 591 1343 potius
623 1267 769 1325 nostrum
798 1260 869 1326 fore
892 1261 933 1326 ab
964 1261 1003 1326 iis
1025 1261 1196 1342 molestiis,

111 1358 308 1424 liberalitate
329 1380 389 1424 sua
411 1365 628 1439 contraxerat,
651 1360 797 1426 liberum.
841 1359 945 1425 Velim
966 1382 1113 1445 quaeras,
1147 1385 1196 1447 qu

114 1459 184 1524 dies
207 1461 405 1541 sustinuerit,
427 1462 459 1524 in
481 1461 563 1527 urbe
580 1462 655 1526 dum
677 1461 748 1540 fuit,
771 1481 870 1544 quam
892 1462 1027 1528 acerbos
1047 1463 1120 1543 sibi,
1135 1486 1196 1548 qua

112 1559 214 1624 himet
235 1560 297 1643 ipsi
316 1581 426 1625 socero
448 1582 511 1627 nou
533 1561 694 1628 honestos.

65 1675 87 1728 s
194 1659 310 1743 ltaque
340 1680 443 1742 nsque
473 1680 532 1742 ego
564 1661 650 1725 hunc
671 1660 916 1744 Hispaniensem
938 1680 1049 1726 casum
1081 1683 1196 1746 exspec

114 1779 180 1843 quo
205 1760 284 1825 mihi
305 1761 508 1843 exploratum
527 1767 575 1826 eet
595 1761 644 1826 ita
665 1781 743 1840 esee,
761 1766 799 1826 ut
820 1767 857 1827 tu
875 1762 999 1842 scribis,
1015 1782 1121 1846 neque
1140 1767 1196 1849 qui

114 1866 223 1925 astute
244 1860 368 1943 cogito:
391 1861 418 1926 ei
440 1861 571 1944 quando
593 1862 656 1926 erit
677 1861 805 1941 civitae,
827 1862 890 1927 erit
910 1863 1056 1946 profecto
1078 1865 1175 1930 nobis

113 1962 162 2025 sin
185 1968 292 2026 autem
313 1983 379 2026 non
401 1963 471 2040 erit,
494 1964 528 2026 in
550 1962 678 2027 easdem
698 1962 888 2028 solitudines
919 1972 958 2029 tu
990 1965 1066 2046 ipse,
1100 1972 1140 2030 ut
1161 1987 1196 2032 ar

113 2062 228 2142 venies,
247 2061 417 2145 inquibus
435 2083 494 2128 nos
512 2062 691 2128 consedisse
708 2063 829 2130 audies.
871 2062 933 2129 Sed
950 2084 1009 2147 ego
1034 2065 1174 2130 fortasse

112 2182 173 2227 nor
195 2161 329 2228 ethaeo
350 2161 460 2226 omnia
480 2162 625 2228 meliores
648 2162 814 2228 habebunt
835 2163 957 2229 exitus:
978 2166 1132 2232 recordor
1154 2168 1196 2231 en*

112 2262 313 2345 operationes
335 2283 455 2342 eorum,
478 2264 536 2346 qui
557 2284 647 2329 senes
669 2268 763 2328 erant
779 2263 983 2329 adulescente
1005 2285 1074 2344 me;
1095 2286 1151 2331 eos
1168 2286 1196 2349 eg

113 2369 199 2429 tasse
236 2383 323 2428 nunc
354 2364 464 2429 imitor
494 2369 527 2428 et
552 2370 629 2430 utor
654 2364 772 2431 aetatis
802 2365 888 2434 vitio.
948 2366 1051 2432 Velim
1082 2367 1133 2430 ita
1161 2366 1196 2430 sit

109 2471 222 2531 tamen
242 2467 303 2529 —l

110 2753 263 2819 mumque.
280 2780 314 2789 -
326 2753 364 2804 uel
373 2753 427 2803 istie
443 2752 505 2818 ipsis
515 2790 521 2803 .
533 2748 569 2817 ..]
581 2749 692 2803 bezieht
735 2751 844 2825 lreilich
853 2751 1063 2820 nurarmselige
1072 2750 1195 2805 Hoffnun

112 2834 170 2888 sich
187 2834 236 2887 auf
251 2833 351 2888 Cilliue’
369 2833 452 2900 Brief,
469 2833 484 2899 ,δ
501 2834 533 2886 5:
560 2835 638 2886 etiam
655 2843 692 2884 ct·
735 2836 785 2888 dae
802 2835 967 2889 Deminutiv
983 2853 1017 2887 zu
1033 2852 1077 2902 ep.
1095 2837 1119 2898 5,
1134 2838 1158 2888 6.
1176 2864 1196 2872 -

110 2935 158 2985 que
176 2920 259 2985 edum,
281 2919 373 2984 Oieero,
390 2919 479 2985 cupita,
502 2935 534 2970 ne
550 2927 574 2970 te
590 2927 692 2984 tuosque
734 2922 806 2972 litate
836 2918 893 2987 aua]
920 2912 1138 2987 Euphemiemus
1165 2922 1193 2973 fii

109 3002 191 3056 omnis
201 3002 327 3068 funditus
344 3010 448 3054 eremus.
735 3002 940 3071 schwendung’.
960 3031 989 3039 -
1008 3021 1070 3070 quoa
1086 3005 1132 3057 illa
1145 3006 1196 3057 dier

142 3087 167 3138 5.
184 3104 221 3137 oso
237 3086 346 3151 dubitat]
366 3086 444 3138 nicht
462 3104 533 3153 uum,
557 3087 630 3141 denn
649 3087 691 3142 Ci·
734 3084 790 3153 erit]
809 3102 906 3154 wegen
916 3084 1196 3155 seinerGliiubiger,‹

110 3182 173 3221 cero
191 3171 254 3236 aagt
281 3168 333 3222 mit
359 3168 436 3223 einer
453 3169 642 3237 Aposiopesez·
662 3186 691 3224 so
734 3168 827 3222 Cicero
862 3169 902 3222 ale
928 3167 1167 3237 Sohwiegervater
1193 3187 1196 3221 :

110 3250 209 3304 nehme
234 3251 279 3305 ich
305 3253 456 3322 allerdinge
473 3252 626 3308 Riicksioht
643 3253 692 3308 auf
732 3252 873 3320 legenheit
891 3256 992 3305 setnen.

110 3333 175 3386 ihu:
195 3334 262 3389 oder
273 3336 406 3389 zweifelst
423 3335 461 3389 du
470 3375 478 3389 .
488 3376 494 3388 .
505 3338 535 3391 X?
548 3336 609 3406 Vgl.
622 3337 690 3391 iiber
765 3337 790 3389 6.
807 3339 846 3388 ita
854 3354 912 3401 erae,
929 3345 958 3387 ut
974 3334 1108 3404 macuta]
1119 3335 1196 3389 dass*

109 3415 184 3470 diese
206 3418 408 3487 widerlegende
425 3417 508 3472 Form
534 3421 583 3474 der
601 3419 690 3490 Frage
731 3419 1148 3488 ldrl'ompejusverlorengehe.
1160 3407 1196 3474 lll

108 3498 165 3553 PA.
182 3501 217 3567 ll,
233 3504 275 3567 39,
293 3505 317 3568 1,
341 3503 425 3555 Aum.
451 3502 509 3556 und
526 3504 560 3558 de
577 3503 622 3560 off.
640 3504 689 3572 III,
731 3501 1196 3573 ep.6‚4.-astute]zuep.l3l,2.—

110 3585 174 3638 105:
192 3587 266 3637 Nam
282 3587 349 3653 quod
360 3587 435 3638 uiuat
451 3588 574 3653 „minima
592 3588 623 3640 de
634 3606 689 3639 ma·
730 3586 866 3655 vatam]
878 3589 993 3654 fortusse
1011 3588 1064 3640 mit
1080 3587 1196 3641 ironisol

108 3666 165 3735 lia“,
181 3670 209 3722 id
226 3679 268 3736 ert,
285 3679 313 3720 ut
330 3670 440 3731 turpiter
454 3671 631 3738 potiusquam
647 3688 689 3721 cc-
731 3669 918 3740 benbegriffe:
930 3670 1094 3739 ‘magseiu'3
1105 3670 1196 3724 denna

109 3754 239 3805 tamarae:
257 3771 294 3805 aa
311 3761 346 3806 eet
373 3754 458 3804 ullum
483 3755 568 3805 maim
590 3756 688 3806 malum
730 3755 768 3808 ist
777 3754 837 3810 hier
847 3753 971 3808 ‘falseher
980 3752 1104 3821 Prophet
1114 3754 1184 3822 sein,

108 3836 290 3904 turpitudine?
308 3834 348 3903 (so
366 3851 431 3903 uage
448 3835 491 3890 ich
510 3836 561 3904 dir,
584 3837 633 3891 das
651 3836 688 3890 ist
731 3839 831 3905 sehen',
858 3837 924 3908 (ng.
942 3854 993 3906 pro
1016 3836 1085 3892 Soet.
1104 3839 1153 3891 23:
1179 3859 1196 3891 o

108 3917 212 3972 falech:
229 3919 296 3973 oder
312 3917 392 3989 giebt
410 3935 440 3972 es
457 3919 532 3973 deun
549 3920 594 3973 ein
611 3921 688 3990 griis·
730 3933 808 3992 atque
833 3920 968 3989 insanire),
1002 3921 1090 3975 woliir
1117 3921 1196 3977 Cicer

108 4017 182 4055 seres
200 3989 270 4056 llbel
295 4002 335 4056 als
357 4001 518 4067 Schande?)
536 4033 568 4041 -
586 4006 634 4056 lue
651 4012 688 4056 tc·
732 4005 801 4061 auch
818 4007 951 4059 uluaiuuri
979 4004 1153 4073 gebraucht;
1178 4008 1196 4058 A

108 4084 175 4151 mec]
193 4085 242 4140 der
259 4085 470 4140 Konzassivsatz
491 4085 561 4155 liegt
577 4086 607 4139 in
625 4105 688 4140 eom-
730 4091 772 4155 29,
789 4090 822 4141 2:
839 4091 895 4157 Epo
912 4099 999 4141 tumeo
1009 4090 1127 4156 auspicor
1138 4091 1196 4142 tua

109 4171 228 4221 meatibus
244 4172 353 4223 mcertis
364 4188 374 4233 ,⁰
392 4170 447 4238 vgl.
465 4187 498 4223 au
517 4185 560 4237 ep.
580 4170 605 4238 ὅ,
621 4171 689 4222 2.-
731 4176 773 4240 let,
799 4174 938 4225 deriuari.
959 4173 1054 4225 -aed
1070 4181 1186 4227 tanea.

104 4253 246 4305 otkamar
262 4250 377 4321 apecula]
396 4252 485 4307 durch
495 4252 570 4307 disse
578 4253 618 4306 im
626 4251 692 4307 Ver·
732 4256 823 4311 einem
836 4255 1195 4311 Seulzerzaberdoohbini

106 4335 198 4405 gleich
216 4337 269 4390 mit
280 4336 344 4391 dem
360 4335 544 4407 allgemeinen
561 4335 692 4408 Ungliiok
733 4338 804 4394 ohne
821 4356 915 4408 grosse
933 4339 1101 4409 Besorgnis3
1121 4359 1156 4396 au
1172 4357 1197 4409 a]

1014 4588 1032 4619 ἱ
