2602 4890
10 186 25 221 ,,
47 164 114 233 un]
473 164 517 217 is
533 164 598 218 aa
615 164 651 230 x,
667 167 709 218 31.
1122 168 1182 231 449

10 330 126 410 ablica,
157 334 272 414 postea
302 350 400 413 quam
421 330 504 393 itum
526 335 575 393 est
601 330 644 395 ad
665 351 773 409 arma3
803 352 878 397 nam
910 330 1013 396 saltus
1034 332 1182 399 Castulo-

10 432 94 509 msis,
117 432 173 515 qui
195 450 321 514 semper
343 430 449 494 tenuit
470 437 599 494 nostros
624 430 823 509 tabellarios,
845 432 904 496 etsi
926 452 1012 496 nunc
1033 432 1182 515 frequen·

10 533 118 598 oribus
139 530 318 596 latrociniis
339 530 489 595 infestior
506 530 612 596 factus
642 538 700 611 est,
732 539 840 597 tamen
862 553 1067 616 nequaquam
1088 538 1183 597 tanta

29 653 122 697 mora
143 638 201 710 est,
225 638 350 714 quanta
367 630 422 714 qui
444 631 522 696 locis
539 632 687 697 omnibus
698 632 847 716 dispositi
864 633 906 698 ab
925 638 1066 718 utraque
1088 637 1182 715 parte

10 739 164 797 rutantur
184 731 373 797 tabellarios
395 738 428 796 et
450 733 609 811 retinent;
640 734 753 815 itaque
775 734 837 797 nisi
859 754 940 798 nava
962 733 1107 816 perlatae
1128 733 1182 796 lit-

10 853 65 897 rae
97 839 220 911 essent,
253 834 382 897 omnino
412 832 587 913 nescirem,
618 833 697 916 quid
728 834 800 899 istic
830 834 931 899 fieret.
983 833 1076 897 Nunc
1107 854 1182 898 vero
1220 860 1223 865 ·

10 939 89 998 lctus
105 936 310 1013 occasionem,
333 940 446 1016 postea
464 954 562 1017 quam
577 935 724 1014 navigari
742 939 891 1018 coeptum
905 940 964 1010 est,
979 933 1183 1016 cupidissime

29 1055 129 1117 quam
151 1034 344 1098 creberrime
366 1040 483 1117 potero
506 1035 646 1099 scribam
670 1036 712 1099 ad
734 1040 777 1102 te.

60 1133 109 1197 Ne
140 1154 270 1198 movear
303 1135 372 1198 eius
401 1135 622 1214 sermonibus,
654 1156 750 1218 quem
781 1136 911 1201 tametsi
937 1155 1031 1198 nemo
1055 1134 1183 1216 estqui
1209 1147 1225 1198 2

10 1234 85 1299 dere
102 1234 190 1314 velit,
213 1239 320 1298 tamen
343 1255 550 1319 nequaquam
573 1234 726 1317 proinde,
758 1257 796 1300 ac
826 1235 942 1317 dignus
960 1242 1016 1312 est,
1047 1235 1184 1300 oderunt

10 1336 133 1415 immas,
155 1334 334 1418 periculum
357 1356 422 1399 non
440 1342 507 1413 est;
531 1334 611 1399 adeo
629 1342 678 1400 est
697 1336 780 1399 enim
799 1336 919 1400 invisus
937 1336 1024 1413 mibi,
1046 1341 1084 1399 ut
1101 1335 1184 1399 nihil

10 1454 41 1500 tn
63 1435 215 1501 acerbum
237 1440 358 1517 putem,
381 1434 470 1516 quod
492 1455 659 1500 commune
684 1457 756 1500 cum
774 1436 831 1500 illo
849 1437 909 1514 sit;
932 1444 1052 1501 natura
1074 1441 1182 1500 autem

10 1555 49 1601 ea
70 1542 103 1601 et
125 1536 233 1600 studia
252 1537 390 1599 trahunt
404 1556 456 1599 me
473 1534 515 1599 ad
534 1536 622 1618 pacis
640 1541 672 1600 et
690 1537 852 1602 libertatis
871 1538 1089 1620 cupiditatem.
1116 1536 1183 1600 lta·

10 1655 43 1701 re
63 1636 144 1700 illud
166 1636 295 1699 initium
319 1636 419 1700 civilis
441 1637 522 1701 belli
543 1658 639 1719 saepe
659 1637 785 1716 deflevi3
804 1659 877 1702 cum
895 1660 970 1703 vero
988 1660 1053 1702 non
1073 1638 1184 1701 liceret

10 1734 58 1799 ihi
75 1735 196 1799 nullius
214 1737 317 1818 pariis
330 1757 406 1815 esse,
425 1739 503 1819 quia
515 1737 691 1819 utrobique
708 1759 843 1819 magnos
854 1739 999 1803 inimicos
1011 1737 1182 1810 habebam,

10 1856 18 1899 ι
36 1842 143 1901 castra
155 1834 234 1916 fugi,
254 1834 416 1918 inquibus
428 1835 641 1918 planetutum
654 1858 703 1901 me
716 1838 756 1902 ab
775 1838 899 1902 insidiis
912 1839 1033 1902 inimici
1042 1836 1183 1901 sciebam

10 1956 44 2003 >n
64 1939 233 2013 futurum3
264 1936 449 2018 compulsus
467 1957 515 2016 eo,
542 1957 606 2019 quo
629 1937 759 2003 minime
780 1937 938 2017 volebam,
960 1958 1000 2001 na
1022 1939 1056 2001 in
1078 1942 1182 2001 extre-

10 2036 37 2103 is
57 2059 173 2115 essem,
204 2038 298 2119 plane
321 2036 463 2118 pericula
485 2058 551 2101 non
573 2037 760 2102 dubitanter
788 2038 861 2106 adii.
906 2037 1074 2103 Caesarem
1096 2059 1180 2118 veru,
1208 2054 1225 2107 3

11 2314 36 2367 l.
60 2317 141 2367 saltus
170 2310 366 2378 Castulonensis]
394 2311 443 2364 das
465 2310 559 2365 Wsld·
601 2313 701 2363 tametsi
778 2309 873 2378 tanen]
892 2310 1091 2364 archaistische
1109 2310 1184 2364 Brei-

10 2392 89 2464 birge
106 2415 160 2450 von
179 2396 290 2449 Castulo
319 2395 368 2447 auf
384 2394 434 2447 der
451 2394 558 2448 Grenze
599 2398 635 2455 te,
665 2394 709 2447 bei
727 2394 821 2447 Cicero
839 2395 928 2446 selten
949 2393 1133 2461 (sam.IV,15,
1148 2394 1184 2461 2),

10 2478 111 2534 rischen
138 2480 201 2532 dem
228 2479 407 2545 diesseit-igen
426 2479 483 2531 und
498 2479 559 2545 jen·
600 2478 728 2546 dagegen
763 2477 808 2531 boi
835 2476 955 2543 Quintus
990 2479 1049 2530 und
1083 2478 1184 2544 (bilius,

10 2558 94 2634 ltigen
120 2563 276 2630 Hispanien
303 2560 340 2625 (S.
364 2560 500 2626 Morsus).
528 2589 557 2599 -
600 2561 695 2629 h'siufig
712 2560 758 2614 bei
776 2559 887 2613 Sallust.
906 2589 935 2597 -
951 2563 1065 2628 proinde
1081 2560 1121 2630 ue]
1142 2562 1184 2615 Ci-

10 2656 50 2700 sta
66 2650 95 2700 in
111 2667 187 2700 mora
204 2656 246 2710 ssi,
264 2655 365 2713 quanta
384 2643 437 2713 ..]
455 2644 558 2697 ‘machi
601 2662 663 2699 cero
681 2645 732 2697 hat
750 2644 932 2712 gewiihnlich
952 2645 1068 2697 Plautus
1083 2644 1184 2696 immer

10 2730 101 2784 chiso
119 2730 174 2784 viel
192 2729 358 2783 Aufenthelt
376 2728 425 2781 als'
445 2728 558 2782 ...eine
598 2732 708 2797 proinde
736 2740 772 2781 ut.
808 2729 877 2781 Phil.
904 2728 977 2793 XIV,
1006 2731 1051 2780 19:
1078 2738 1106 2779 ut
1131 2747 1183 2780 rmn

10 2808 64 2867 hon
80 2814 135 2867 den
153 2813 305 2866 Komikern
325 2812 462 2880 gel'a'ufige
477 2810 559 2865 Wen·
598 2816 710 2880 proinde
727 2815 839 2865 dominer
856 2814 887 2864 de
904 2831 1008 2879 quoque,
1034 2814 1183 2879 utquisque

10 2908 69 2967 ing:
88 2896 235 2965 Landgraf
250 2914 270 2948 s.
289 2899 341 2948 cot.
359 2897 426 2962 2783
452 2894 558 2948 Lorenz
599 2898 902 2962 nsererstur‚iudieursnt
913 2915 922 2957 ,·
933 2895 1109 2948 PleutTrin.
1120 2896 1180 2948 659:

10 2980 117 3035 {Pleuit
135 2980 232 3034 Pseud.
251 2981 308 3032 642.
342 2965 419 3032 iiber
435 2978 559 3031 diebus·
600 2982 675 3031 ettibr'
692 2982 930 3046 sunamitidem
947 2998 1052 3046 merere,
1068 2998 1183 3031 summus

10 3074 87 3134 hung
113 3081 168 3117 von
194 3066 224 3114 in
250 3079 300 3115 vor
325 3072 425 3129 quantu
451 3063 506 3130 vgl.
524 3081 557 3115 zu
599 3066 675 3117 habeo
690 3066 799 3131 prorius.
818 3091 850 3099 -
868 3066 949 3115 ciuilis
965 3061 1032 3129 tetii]
1045 3063 1181 3115 zwischeu

12 3150 76 3213 ·18‚
94 3150 119 3200 2.
140 3178 167 3186 -
201 3148 232 3197 ab
257 3156 365 3212 utruque
389 3143 475 3213 purte]
503 3163 557 3199 von
599 3147 684 3200 Ciisar
702 3147 758 3200 und
776 3145 932 3212 Pompejus.
951 3176 981 3183 -
1005 3149 1104 3198 nullius
1117 3166 1182 3213 pur·

10 3230 81 3285 siner
107 3229 165 3282 und
194 3229 240 3282 des
267 3229 389 3296 Lepidus
416 3227 498 3282 Seite.
525 3260 557 3269 -
599 3229 638 3297 iis]
657 3229 702 3283 ihr
719 3232 837 3283 neutrius
853 3248 880 3295 p.
899 3229 950 3282 wie
968 3231 1023 3283 Cic.
1037 3232 1098 3282 Ati.
1108 3228 1181 3294 XVI,

10 3312 48 3382 ve]
66 3314 154 3367 Pollio
171 3313 222 3365 hat
239 3312 342 3365 bereits
360 3312 406 3366 die
427 3312 472 3366 bei
490 3311 557 3380 Spa·-
600 3315 639 3379 13,
667 3317 697 3365 1:
724 3332 797 3380 quem
823 3315 885 3366 uelis
913 3313 956 3365 fiir
981 3325 1073 3366 uirum
1099 3334 1123 3367 v.
1148 3342 1181 3351 —

10 3410 53 3451 ren
72 3396 263 3465 gewbhnliche
274 3395 373 3448 Form:
391 3415 424 3449 nu
442 3414 484 3463 ep.
501 3399 557 3464 115,
598 3395 734 3463 utrobique]
754 3396 798 3449 die
816 3396 1022 3451 alterttimliche
1039 3397 1122 3449 Form
1137 3396 1182 3450 liir

15 3510 48 3521 -
67 3482 190 3546 nucipurn‘
216 3490 330 3547 coeptum
356 3478 401 3548 est]
428 3482 481 3534 mit
509 3481 558 3535 der
598 3482 740 3548 utrubique.
758 3508 791 3515 —
809 3483 840 3532 ab
857 3483 960 3533 insidiis
975 3478 1086 3547 inimici]
1105 3481 1180 3533 eines

10 3562 157 3617 iederkehr
183 3563 229 3616 des
251 3563 409 3631 Friihlings.
426 3593 460 3600 —
485 3567 557 3631 eupi-
599 3562 792 3632 persbnlichen
810 3563 926 3616 Feindes
953 3564 992 3616 im
1016 3564 1108 3632 Lager
1133 3564 1181 3617 dos

10 3648 85 3716 nime]
103 3670 136 3692 =
155 3648 258 3699 libenter
268 3668 276 3707 ‚·
294 3647 321 3698 b.
339 3647 400 3701 Afr.
418 3649 464 3713 35,
480 3650 512 3700 4:
535 3666 556 3701 c.
598 3647 754 3715 Pompejus.
789 3646 935 3700 Vielleicht
953 3647 990 3699 ist
1009 3647 1036 3700 C.
1049 3646 1117 3699 Cato
1135 3664 1182 3714 ge·

33 3742 58 3786 ie
82 3733 214 3790 caninam
240 3733 281 3795 90,
299 3733 330 3783 2:
355 3732 458 3783 libentes
484 3734 557 3798 supi·
598 3730 687 3783 meint
714 3733 758 3794 (zu
786 3747 829 3796 ep.
848 3733 888 3797 23,
914 3730 948 3795 l),
974 3731 1027 3784 don
1044 3730 1130 3783 Pollio
1148 3731 1182 3781 54

10 3834 49 3881 rue
65 3816 237 3869 condicionem
254 3825 414 3882 acceperunt.
599 3816 640 3868 als
667 3814 1023 3883 einundnwsnzigj'ahriger
1043 3814 1060 3867 J
1063 3812 1181 3881 iiugling

10 3900 30 3953 2.
65 3902 121 3952 eius
146 3896 308 3965 sermonibus]
338 3898 409 3950 ohne
444 3897 556 3952 Zwoifel
599 3898 752 3967 angehlsgt
777 3898 872 3952 hatte:
899 3898 963 3951 Tae.
989 3897 1062 3949 Dial.
1089 3899 1130 3949 34.
1149 3924 1181 3933 -

10 3986 51 4037 ue
69 3982 120 4035 ihn
131 3981 225 4035 Cicero
243 3982 273 4033 in
291 3982 396 4034 seinem
406 3981 498 4034 Briefe
507 3999 557 4035 vor
599 4001 634 4048 ec,
650 4000 699 4049 quo
715 3984 820 4034 minime
828 3980 951 4049 uolebam]
969 3982 1068 4034 Callicle
1076 3982 1181 4033 odendis

10 4066 114 4122 [tonius
132 4069 268 4133 gewsrnt,
295 4066 345 4118 der
362 4065 449 4118 durch
467 4065 557 4118 Briele
598 4085 624 4119 se
638 4068 739 4134 furuae
757 4067 876 4134 Pompeio
890 4069 985 4134 potius,
1003 4086 1061 4119 eum
1078 4085 1128 4133 quo
1142 4067 1181 4118 Oi-

10 4166 36 4205 sr
75 4149 163 4202 durch
198 4149 376 4203 miindlichen
411 4149 557 4218 Zuspruch
598 4169 654 4203 cero
673 4151 739 4217 fuit,
766 4168 844 4217 quum
864 4150 971 4202 theseri
993 4169 1044 4217 pro
1071 4169 1120 4201 sua
1135 4169 1180 4216 po-

10 4250 63 4287 nor
89 4232 259 4286 Vertrsuten
285 4233 420 4286 zuniichst
435 4234 556 4301 Lepidus
598 4236 679 4287 tentia
697 4243 787 4286 scutra
812 4236 1013 4301 rempublicam
1033 4236 1180 4301 pupunni55

17 4316 131 4373 (lsllien
150 4316 207 4369 und
225 4317 302 4369 deun
321 4317 392 4369 auch
407 4316 495 4370 Pollio
512 4317 557 4371 fur
598 4319 643 4371 sed
659 4320 761 4370 inimici
769 4327 837 4369 metu
846 4318 961 4384 Pompeii
974 4327 1060 4369 castra
1071 4319 1181 4384 fugisse.

10 4418 45 4456 ne
64 4398 152 4454 Ssche
178 4419 212 4453 zu
238 4401 386 4469 gewinnen
402 4400 506 4455 suchte.
524 4428 557 4437 —
599 4400 797 4455 Manutius-
813 4419 846 4454 ne
863 4402 892 4453 in
910 4403 1028 4455 extremis
1038 4399 1123 4467 essem]
1134 4417 1179 4453 um

971 4487 1005 4540 29
