2602 4890
113 201 174 263 410
541 200 545 209 ’
575 194 619 248 Ad
636 196 698 249 Act.
715 194 789 262 xlv,
807 196 839 249 rs
857 198 889 249 A.
1186 192 1205 263 p

111 385 153 429 ne
174 369 280 429 tecum
301 381 411 427 coram
433 362 474 426 de
494 361 556 427 hac
576 382 612 425 re
634 380 778 443 agerem:
801 381 899 444 quam
920 361 962 425 ob
985 381 1119 426 causam
1141 381 1205 425 vert

113 464 264 529 absentia
284 484 358 528 mea
373 462 475 527 levior
496 462 540 527 sit
561 461 646 545 apud
668 467 719 540 te;
742 460 829 544 quod
848 460 877 525 si
894 460 1024 525 bonitas
1046 466 1106 526 tua
1125 482 1205 545 resp(

112 564 230 629 iudicio
252 585 333 643 meo,
355 564 444 647 quod
464 585 589 646 semper
611 562 713 628 habui
735 563 774 626 de
795 568 837 640 te,
860 561 1018 642 gaudebo.

70 678 88 728 2
196 666 224 729 A
242 664 379 731 Caesare
396 665 486 748 petii,
504 670 542 729 ut
558 665 628 731 Sex.
646 663 794 730 Clodium
813 663 1019 728 restitueret:
1037 662 1205 746 impetravi

114 767 194 831 mihi
214 767 248 831 in
271 768 378 832 animo
400 770 500 832 etiam
521 772 592 831 tum
613 766 659 831 sic
680 766 731 831 uti
751 763 907 831 beneficio
927 766 1006 844 eius,
1038 765 1066 829 si
1094 769 1133 829 tu
1156 783 1205 828 cor

114 887 181 933 ses:
205 889 271 951 quo
293 869 395 950 magis
416 867 539 946 laboro,
571 873 609 932 nt
631 872 689 931 tua
710 866 878 932 voluntate
908 864 943 928 id
963 887 1022 948 per
1043 886 1095 930 me
1117 865 1205 929 faceo

115 970 226 1048 iioeot;
256 969 344 1051 quod
374 968 402 1032 si
434 967 597 1033 duriorem
628 973 661 1032 te
692 969 760 1032 eius
781 969 917 1031 miserae
947 973 980 1031 et
1002 965 1153 1030 adflictae
1178 965 1205 1029 fo

114 1068 257 1152 praebes,
278 1090 342 1134 non
364 1069 555 1134 contendam
578 1089 638 1150 ego
661 1068 815 1133 adversus
835 1072 878 1146 te,
909 1086 1110 1149 quamquam
1141 1066 1205 1129 vide

115 1168 191 1233 bere
212 1168 297 1233 tueri
314 1169 580 1234 commentarium
598 1169 755 1234 (laeseris.
797 1168 858 1232 Sed
880 1165 1071 1246 mehercule,
1093 1166 1122 1229 si
1139 1165 1205 1228 hun

115 1274 149 1333 et
170 1270 333 1351 sapienter
354 1276 388 1333 et
410 1269 597 1333 amabiliter
618 1269 651 1332 in
670 1290 720 1333 me
742 1269 958 1350 cogitaretis,
981 1266 1110 1332 facilem
1132 1266 1205 1349 prol

115 1368 286 1452 praebebis
308 1376 340 1435 et
363 1371 449 1435 voles
472 1370 506 1438 P.
528 1371 688 1449 Clodium,
710 1371 744 1434 in
767 1369 891 1452 optima
912 1388 967 1452 spe
985 1389 1122 1451 puerum
1141 1387 1205 1449 rep(

117 1691 162 1741 ep.
179 1676 212 1727 68
231 1691 255 1728 a.
281 1673 339 1741 Ε.);
367 1691 397 1727 er
423 1675 518 1728 wurde
544 1675 620 1727 dann
646 1691 700 1727 von
743 1676 931 1727 desiderandus
943 1692 995 1727 esse
1011 1675 1138 1737 videatur,
1151 1674 1205 1738 faci

117 1758 203 1811 Glisar
220 1757 290 1811 nach
309 1759 409 1810 Italien
428 1758 574 1826 geschiekt
585 1757 655 1825 (ΑΕ.
668 1759 702 1810 36
743 1760 838 1817 madia
866 1776 934 1826 qaae
961 1760 1030 1810 ertim
1061 1759 1157 1810 Caesar
1186 1775 1205 1806 a

117 1859 141 1895 a.
160 1844 204 1907 A.)
223 1842 281 1895 und
306 1841 441 1895 schaltete
457 1843 490 1895 47
508 1842 548 1895 als
567 1841 703 1909 magister
743 1860 825 1910 nepae
844 1842 949 1908 fedaret
981 1858 1061 1908 neque
1083 1859 1178 1908 paeane
1201 1863 1205 1891 s

118 1925 245 1992 equitum
263 1926 316 1978 mit
333 1925 455 1979 eiserner
468 1924 588 1994 Strenge
605 1926 635 1978 in
648 1927 703 1979 lta·
744 1944 816 1978 aare
834 1944 864 1977 erc
882 1926 964 1992 falsis
990 1927 1044 1977 eius
1069 1934 1205 1977 commento

119 2009 183 2062 lien.
218 2009 271 2061 Mis
289 2010 375 2062 Cicer
391 2008 531 2074 zerfallen,
554 2009 704 2077 begleitete
739 2012 881 2077 feruntur.
920 2010 977 2074 Epo
994 2018 1080 2060 cotem
1098 2010 1205 2060 Antonio

118 2110 149 2145 er
166 2093 215 2145 ibn
233 2093 429 2160 ebensowenig
457 2094 526 2146 necb
545 2093 645 2146 Afrika
662 2095 704 2146 als
745 2111 817 2144 mom
835 2110 874 2144 me
891 2093 1019 2157 proebuir
1037 2093 1131 2144 etenim
1147 2094 1197 2157 ille,

119 2176 190 2230 nach
208 2177 340 2244 Spanien,
363 2177 421 2229 und
439 2182 498 2230 erst
516 2177 587 2230 nach
606 2178 704 2230 Ciisars
746 2178 820 2229 semel
837 2177 941 2227 induxit
958 2177 1076 2226 ocimum
1100 2177 1146 2227 sibi
1161 2178 1205 2228 lice

118 2259 269 2314 Riickkehr
294 2261 413 2329 erfolgte
439 2261 485 2314 die
504 2260 705 2329 Versiihnung3
745 2262 825 2324 cella,
849 2260 952 2325 fecisset
968 2261 1051 2311 nihilo
1068 2261 1154 2311 minoe
1178 2279 1205 2310 rs

119 2343 203 2396 meist
220 2343 270 2396 auf
276 2344 426 2397 Antonius'
440 2345 497 2412 (im.
507 2345 525 2398 J
528 2343 702 2410 .44Konsul)
744 2346 832 2411 itaque
849 2361 965 2396 meorum
983 2362 1081 2412 qaoque
1098 2346 1205 2395 litterari

119 2425 703 2495 VeranlassnngwurdederneueMonarcb
745 2429 788 2478 titt
805 2430 957 2495 exemplam.
997 2425 1060 2495 Vgl.
1083 2426 1152 2479 Ihne
1170 2425 1201 2478 R.

120 2511 174 2562 mit
191 2510 268 2562 einer
285 2509 363 2564 Fiille
381 2530 434 2565 von
453 2512 634 2566 widerlioben
648 2511 704 2564 En·
745 2511 803 2563 292.

120 2594 370 2663 renbezeugungen
389 2596 593 2656 iiberschiittet,
611 2596 656 2649 die
674 2596 702 2647 in
780 2598 803 2646 1.
821 2613 853 2647 rte
870 2604 952 2647 tecam
970 2594 1065 2661 coram]
1078 2613 1111 2647 rte
1122 2595 1159 2646 im
1169 2593 1204 2645 Fo

120 2679 168 2731 tier
187 2665 397 2748 llberreichung
415 2680 462 2733 des
474 2678 703 2733 Diademsdurch
747 2677 848 2745 geh'ort
865 2678 915 2731 der
933 2678 1194 2747 Umgangsspraohe

120 2761 260 2815 Antonius
287 2780 333 2815 am
360 2763 620 2830 Luperkalienfeste
652 2763 703 2829 (15.
747 2759 1205 2816 findetsicboftbeidenKomiker

119 2845 254 2913 Februar)
281 2846 435 2915 giplelten:
461 2847 529 2900 aber
547 2846 632 2900 echon
659 2864 704 2899 am
747 2864 780 2898 zu
807 2846 898 2899 Plaut.
919 2846 978 2898 Mil.
1006 2849 1071 2913 1493
1097 2846 1158 2899 Ter.
1180 2848 1205 2896 A:

121 2934 159 2984 15.
179 2931 256 2984 Ma'rz
274 2932 320 2985 fiel
336 2931 437 2997 Ciisar3
455 2929 636 2984 dasWeitere
647 2930 704 2983 ΛΕ.
747 2932 771 2988 2.
792 2932 939 2983 16:699:
957 2931 987 2983 st
1000 2933 1095 2998 poterit
1107 2933 1176 2997 fleri,
1195 2950 1205 2980 o

119 3017 152 3068 39
171 3016 198 3068 ff.
747 3024 785 3066 ter
810 3033 857 3081 per
883 3033 922 3067 me
948 3017 1041 3068 stetisse
1067 3017 1167 3078 credat,
1194 3033 1205 3080 q

154 3098 213 3151 Den
226 3100 374 3168 folgenden
385 3099 485 3152 hiiohst
498 3098 706 3152 charakteristi-
748 3100 810 3150 hoec
822 3101 918 3165 fierent
935 3101 1050 3166 nuptiae.
1068 3128 1101 3135 -
1118 3100 1192 3152 tator

121 3183 214 3248 schen,
243 3188 317 3236 trotz
342 3185 408 3237 aller
436 3182 617 3236 scheinbaren
640 3181 706 3235 Hiif-
750 3182 810 3234 weil
828 3182 871 3236 ich
891 3183 971 3235 nicht
989 3183 1131 3235 miindlicb
1150 3181 1196 3234 mit

120 3266 234 3319 lichkeit
260 3267 290 3319 in
317 3269 381 3320 sehr
403 3266 626 3333 kategorischem
649 3266 707 3318 und
749 3265 871 3319 handeln
899 3266 984 3327 kann,
1012 3266 1123 3319 mbchte
1148 3266 1205 3317 meir

120 3349 256 3415 geradezu
275 3350 443 3403 drobendem
462 3350 520 3402 Ton
539 3350 706 3418 gehaltenen
750 3350 874 3417 weniger
891 3350 1016 3404 Gewicht
1034 3350 1134 3404 baben.

122 3432 198 3485 Brief
213 3434 263 3486 hat
290 3434 382 3486 Cicero
408 3433 638 3487 wahrscbeinliob
662 3450 706 3486 sm
782 3436 806 3485 2.
825 3434 882 3486 Sec.
905 3432 1033 3501 Clodiam]
1058 3436 1104 3486 ein
1123 3433 1205 3485 lilient

121 3519 162 3569 25.
180 3516 247 3570 oder
264 3519 304 3570 26.
325 3517 405 3582 April
423 3518 560 3583 erhalten,
588 3534 618 3570 er
637 3517 706 3569 wird
748 3517 858 3570 Clodius
878 3519 936 3570 und
953 3517 1031 3570 einer
1049 3517 1138 3569 seiner
1163 3516 1203 3565 bre

121 3601 179 3652 also
196 3606 269 3653 etwa
287 3600 424 3653 zwischen
443 3602 506 3653 dem
526 3603 565 3654 19.
590 3601 647 3653 und
664 3603 705 3654 23.
749 3605 811 3653 sien
839 3600 1053 3669 Helfershelfer3
1079 3604 1112 3654 52
1138 3612 1205 3651 wart

121 3684 202 3751 April
214 3683 394 3751 geschrieben
405 3685 472 3738 sein.
491 3686 585 3738 Cicero
596 3687 706 3738 iiussert
748 3684 797 3736 der
815 3687 857 3736 lec
866 3687 989 3752 Pompeio
1006 3688 1038 3738 de
1055 3688 1081 3736 ri
1099 3678 1205 3737 rerurtei

122 3768 197 3820 seine
224 3767 317 3820 wahre
345 3767 480 3836 Meinuog
507 3768 551 3820 bei
569 3757 706 3822 llbersen-
749 3768 849 3820 erden
869 3761 1205 3822 BrandderCuriebeid

121 3851 200 3919 ‹lung
224 3852 301 3904 einer
323 3851 464 3904 Abschril't
484 3869 537 3905 von
558 3853 706 3905 Antonius’
749 3852 890 3905 chenfeier
907 3852 955 3905 des
966 3852 1075 3905 Clodius
1087 3849 1205 3903 veranlsst

123 3935 582 3990 Briel'undseinerAntwortdem
594 3937 705 3990 Atticus
749 3936 859 4002 (Ascon.
887 3935 915 3987 in
943 3936 1039 3988 Milon.
1069 3954 1095 4001 p.
1119 3936 1156 3999 29,
1179 3933 1205 3982 2'

122 4018 283 4085 negeniiber
309 4022 368 4071 stt..
387 4020 459 4085 XIV,
479 4024 518 4085 13,
536 4022 567 4073 6:
597 4023 633 4072 M.
652 4023 705 4072 Aa·
748 4023 789 4085 49,
809 4023 839 4073 13
858 4019 897 4083 ff.)
915 4020 972 4072 und
1001 4020 1081 4072 hatte
1108 4012 1205 4072 achttn

123 4105 207 4153 tonius
233 4105 269 4154 od
296 4122 335 4156 me
361 4108 463 4172 scripsit
490 4108 522 4157 de
550 4106 706 4157 restitutione
748 4105 798 4156 der
816 4103 1009 4170 Verbannung
1027 4104 1128 4172 gelebt.
1145 4128 1160 4135 -
1174 4096 1205 4150 et

122 4187 180 4239 See.
203 4187 298 4239 Clodii:
324 4207 401 4256 qaam
418 4190 562 4256 bonmflce,
587 4190 654 4256 quod
671 4190 707 4239 od
749 4187 819 4241 nach
847 4188 945 4240 Cisars
974 4187 1098 4254 Zusage:
1124 4185 1175 4238 dies
1195 4177 1205 4227 l!

123 4289 162 4322 me
179 4273 275 4333 attinet,
301 4291 332 4324 ea
358 4273 439 4338 ipsius
464 4274 556 4324 litteris
578 4289 707 4338 copaooces
748 4276 833 4325 etwas
860 4273 938 4324 stark
965 4273 1097 4340 gelegen!
1122 4298 1150 4309 ·-
1172 4278 1205 4317 etl

123 4383 155 4391 -
173 4356 233 4404 misi
249 4357 316 4406 euim
334 4357 377 4406 tihi
397 4358 543 4422 exemplum
561 4384 590 4391 —
601 4375 610 4417 ;
627 4374 706 4423 quom
748 4359 818 4408 marn
840 4354 968 4423 Caesaris]
988 4355 1057 4408 iiber
1074 4346 1205 4406 casaiola

122 4439 247 4501 dissolute,
273 4457 352 4505 quarn
379 4441 489 4506 turpiter
514 4457 642 4507 quamque
667 4441 706 4491 ito
748 4438 897 4493 besonders
916 4438 985 4491 Phil.
1005 4440 1027 4505 I,
1046 4441 1085 4492 16.
1101 4466 1132 4475 -
1146 4426 1205 4513 Μ

171 4522 268 4591 esame,
298 4534 329 4578 ut
359 4543 414 4578 riori
443 4542 589 4594 namqaoro
615 4524 710 4576 Caesar
752 4522 798 4576 der
814 4520 893 4575 sess
907 4540 963 4575 von
980 4524 1088 4577 Ciceros
1106 4514 1205 4574 Tottetnt
