2602 4890
110 209 172 273 474
597 204 641 261 Ad
658 207 723 262 sam.
738 208 773 275 X,
788 210 830 261 24.
1177 207 1218 276 [Ep

112 375 254 441 cessaria
276 373 492 453 resalutari,
524 374 668 441 avocarit
688 380 722 439 et
744 374 787 439 ad
807 374 1041 458 cogitationem
1063 374 1218 440 consulatu

112 476 242 541 mestris
263 494 389 540 summo
410 494 482 539 oum
512 479 637 539 terrore
667 474 833 541 hominnm
867 481 901 539 et
921 473 1046 539 insulsa
1068 476 1139 540 oum
1160 474 1218 539 eills

69 591 85 641 7
112 577 201 641 tione
230 574 453 654 transtulerit,
487 580 645 657 exputare
673 594 739 640 non
769 594 909 658 possum.
960 573 1105 640 Multum
1136 576 1168 640 in
1195 576 1218 640 ht

111 676 191 741 mihi
213 675 363 741 videntur
384 675 558 741 necessarii
580 666 650 740 eius
672 679 705 740 et
727 676 774 740 rei
795 675 945 758 publicae
962 681 997 741 et
1014 675 1117 759 ipsius
1134 697 1218 742 ceusu

111 777 205 843 fioere
234 796 344 859 posse,
373 777 565 861 plurimum,
598 781 636 840 ut
666 783 767 859 puto,
799 781 834 840 tu
858 796 1007 858 quoque,
1036 778 1129 842 euius
1151 777 1202 842 ille

112 877 229 943 merita
251 876 366 958 habet,
388 884 515 961 quanta
540 897 635 943 nemo
665 881 797 960 praeter
819 895 886 955 me;
917 896 1097 960 numquam
1129 880 1208 942 enim

113 978 216 1042 risoar
242 978 383 1043 maxima
412 999 450 1043 ao
479 977 621 1062 plurima
650 998 702 1042 me
733 977 793 1043 tibi
823 977 950 1043 debere.
993 977 1042 1043 De
1072 979 1123 1043 his
1157 980 1218 1044 rebt

113 1078 254 1160 exigeret
276 1098 347 1143 oum
370 1100 416 1158 eo,
440 1078 561 1143 Furnio
582 1077 752 1145 mandavi:
779 1078 925 1162 quodsi,
948 1085 1106 1161 quantam
1130 1079 1218 1145 debet

70 1189 88 1241 8
115 1178 215 1243 buero
247 1178 335 1261 apud
365 1199 438 1243 eum
472 1180 719 1258 anctoritatem,
748 1177 923 1263 plurimum
954 1179 1063 1262 ipsum
1093 1180 1209 1247 iuvero.

113 1280 239 1344 interea
260 1278 392 1343 duriore
414 1279 601 1345 condicione
624 1278 745 1344 bellum
763 1279 967 1357 sustinemus,
989 1280 1079 1362 quod
1100 1300 1203 1363 neque

114 1378 304 1443 ditissimam
327 1379 565 1445 dimicationem
587 1386 743 1462 putamus
763 1399 868 1462 neque
890 1384 998 1444 tamen
1020 1379 1207 1463 refugiendo

113 1480 243 1544 missuri
264 1500 384 1557 sumus,
406 1485 444 1544 ut
462 1479 566 1545 maius
584 1479 816 1544 detrimentum
831 1499 883 1543 res
900 1478 1032 1562 publiea
1050 1481 1218 1562 acciperet

114 1581 256 1659 Quodsi
277 1587 335 1646 aut
357 1581 476 1647 Caesar
497 1601 532 1646 se
554 1581 732 1664 respexerit
753 1585 812 1645 aut
822 1580 996 1645 Africanae
1015 1580 1159 1662 legiones
1176 1579 1217 1644 cel

115 1683 270 1762 venerint,
289 1702 418 1748 securos
440 1703 497 1748 vos
518 1683 560 1747 ab
581 1683 644 1747 hae
665 1687 759 1766 parte
779 1681 956 1746 reddemus
1000 1679 1059 1760 Tu,
1083 1688 1121 1745 ut
1142 1680 1218 1744 instit

114 1804 166 1847 me
188 1782 305 1865 diligas
326 1803 407 1865 rogo
428 1784 622 1868 proprieque
652 1788 747 1848 tuum
778 1803 845 1848 esse
867 1782 927 1847 tibi
960 1780 1166 1865 persuadeas.
1205 1802 1218 1842 u

115 1883 200 1949 Sext.
222 1904 261 1949 ex
282 1883 406 1951 eastris

117 2171 277 2226 nisuisohen
303 2170 397 2224 Partei
425 2170 455 2223 in
481 2168 581 2222 hohern
606 2168 699 2221 Grade
741 2166 1108 2233 Trin.11,1,8=234:ur
1126 2178 1218 2235 mrem,

116 2257 269 2326 abgeneigt
286 2255 334 2309 sei.
352 2286 384 2294 —
399 2256 545 2307 mamintus
561 2247 698 2318 bimestris]
740 2253 817 2303 amm
842 2260 960 2317 eepraera
981 2252 1039 2305 und
1061 2251 1218 2306 Cornificius

115 2341 239 2393 bimestris
256 2339 306 2392 soll
324 2337 394 2390 wohl
413 2336 463 2390 das
479 2334 698 2390 Unbedeutende
740 2334 776 2397 Π,
793 2337 842 2386 42:
861 2336 1010 2402 exputando
1027 2339 1148 2390 eodeere.

116 2425 165 2478 der
182 2422 269 2476 Saohe
285 2422 324 2474 im
334 2420 489 2488 Gegensata
506 2438 540 2472 zu
548 2418 699 2473 Octaviano
773 2420 798 2470 7.
823 2419 961 2470 necesarii
985 2418 1049 2488 eim]
1077 2420 1218 2474 besonden

116 2504 482 2572 auffallendenMassregeln
500 2501 699 2568 hervorheben,
741 2499 892 2554 Stiefvater
910 2502 1056 2571 Philippus
1075 2504 1136 2557 und
1150 2505 1179 2558 C.
1196 2503 1218 2557 C'

116 2592 167 2644 wie
186 2591 237 2642 wir
254 2596 326 2642 etwe
344 2605 428 2656 sagea
444 2586 570 2639 wiirden:
589 2586 639 2638 eui
653 2586 698 2638 ein
741 2585 897 2651 Marcellus,
923 2586 974 2639 der
993 2586 1148 2641 Octavians
1166 2586 1217 2640 Seli

116 2693 185 2743 pear
203 2674 325 2727 Monate.
349 2671 465 2724 Plancus
484 2669 592 2723 sobrieb
604 2669 699 2721 diesen
741 2670 785 2724 die
801 2670 919 2738 jiingere
930 2669 1055 2735 Octavia,
1069 2670 1218 2724 zurGettir

116 2760 194 2813 Brief
208 2757 288 2812 Ende
305 2755 373 2820 Juli,
399 2756 456 2807 also
482 2753 631 2806 5Monate
649 2768 699 2806 vor
741 2754 801 2808 Von
817 2755 867 2808 der
877 2754 1146 2820 Aufmerlrsamlseit,
1163 2755 1218 2807 wel

115 2842 194 2896 Euda
220 2843 267 2896 des
284 2840 401 2902 Jehres3
425 2837 576 2892 Octaviano
593 2836 698 2890 Ernen-
741 2839 839 2892 tavian
864 2839 1008 2892 letzterem
1036 2838 1148 2904 bewies,
1175 2857 1218 2892 zeu

118 2944 195 2995 nuug
212 2943 275 2978 aum
293 2923 398 2976 Konsul
416 2923 469 2974 mit
487 2920 518 2988 Q.
538 2920 639 2974 Pedius
657 2937 699 2974 er·
741 2922 827 2976 Stelle
845 2925 906 2974 att.
924 2919 982 2986 XV,
1002 2923 1041 2984 12,
1059 2923 1092 2974 2:
1116 2925 1218 2975 Marcel

117 3011 205 3078 solgte
230 3009 314 3062 sehon
341 3023 386 3060 am
415 3008 453 3059 19.
481 3009 608 3073 August,
641 3021 697 3058 was
740 3009 783 3058 eui
808 3007 910 3074 quidem
937 3007 1040 3058 meum
1071 3007 1118 3057 ille
1147 3009 1218 3073 (Oete

118 3095 235 3146 Plancus
262 3109 291 3144 so
318 3091 422 3143 schnell
452 3090 522 3143 wohl
549 3088 628 3142 nieht
657 3105 697 3141 er·
739 3092 803 3142 milii
819 3091 959 3142 ridebatur.
973 3091 1103 3142 -euins.
1117 3101 1218 3142 ..tarto

118 3182 218 3230 wartet
236 3171 575 3241 hatte—efflagitatione]
594 3172 698 3225 Sueton
739 3171 820 3240 tate]
848 3173 909 3225 weil
928 3173 1019 3226 Cioero
1042 3172 1072 3224 in
1101 3174 1204 3227 seinen

118 3264 189 3325 Aug.
208 3261 250 3312 to:
273 3259 442 3310 Gemmatum
467 3259 581 3308 vicesimo
607 3256 698 3307 aetatis
740 3256 856 3322 pisehen
875 3255 971 3310 Redeo
989 3257 1020 3320 (s.
1041 3255 1218 3309 besonders¹

118 3362 188 3395 antro
205 3343 306 3404 inruet,
332 3342 440 3392 adoretis
461 3341 584 3392 hostiliter
600 3340 637 3390 ed
653 3358 698 3390 ur·
740 3340 813 3407 XIV,
823 3342 932 3406 25-28,
950 3340 1005 3408 vgl.
1015 3340 1185 3393 ausserdem
1196 3341 1218 3394 l*

118 3431 172 3480 tem
181 3427 325 3493 lepionibns,
336 3425 465 3490 otiosisque
481 3425 526 3490 qui
536 3425 581 3475 stoi
598 3425 700 3474 nomine
743 3424 801 3476 AB.
810 3426 853 3489 49,
863 3427 945 3477 Anm.
954 3423 981 3489 3)
1000 3422 1058 3474 und
1068 3422 1218 3493 iiberhaup

118 3513 241 3563 exereitus
254 3510 430 3574 deposcerent,
448 3509 699 3575 cumquidemeuae
742 3508 817 3560 selue
836 3507 953 3560 Stimme
971 3507 1010 3558 im
1029 3504 1119 3559 Sonat
1147 3509 1203 3562 den

119 3604 188 3646 tartte
214 3602 305 3645 reama
324 3592 455 3643 Cornelias
480 3593 602 3655 centurio,
623 3593 700 3658 priri-
742 3591 827 3644 Manu
845 3591 1216 3660 auszeiehnete.-eusigeret

119 3696 176 3744 ceps
192 3678 331 3743 legationis,
354 3676 444 3727 reiecto
461 3679 552 3742 sagulo
569 3678 701 3728 ostenderes
742 3677 870 3742 erwiigen
889 3675 963 3727 solle.

116 3763 199 3829 gladii
216 3762 348 3827 copulam,
365 3777 418 3809 reon
430 3760 567 3811 dubitasset
584 3761 612 3811 ire
625 3762 700 3812 eurio
775 3761 800 3812 8.
817 3777 842 3811 se
857 3756 1006 3825 respexerit]
1025 3774 1082 3809 was
1102 3766 1187 3812 sonet
1205 3778 1218 3812 a

119 3848 219 3898 dicere:
252 3845 320 3910 „Hie
331 3844 423 3907 faciet,
443 3843 465 3891 si
483 3861 592 3895 resnou
604 3846 701 3910 feeeri-
741 3845 820 3895 lutera
837 3861 911 3894 suam
923 3844 1049 3909 respicere
1063 3840 1155 3895 heisst
1166 3844 1218 3910 (pn

118 3931 172 3981 tis.“
209 3927 306 3980 Damit
324 3925 479 3992 rergleiohe
506 3943 571 3978 man
600 3926 645 3979 die
663 3926 702 3979 of·
743 3926 804 3992 91);
831 3926 887 3994 vgl.
907 3926 940 3978 de
957 3924 1003 3977 fin.
1023 3924 1059 3990 ll,
1076 3928 1126 3979 79:
1154 3938 1218 3979 net

119 4012 215 4064 fizielle
233 4010 416 4077 Darstellung
441 4009 488 4062 des
506 4009 581 4062 llon.
599 4014 700 4076 Ancyr.
743 4011 800 4061 dem
826 4020 849 4062 te
869 4012 987 4076 respicies
1004 4020 1027 4060 et
1045 4012 1166 4075 eogitaois
1185 4012 1218 4061 stt

119 4113 140 4146 e.
160 4095 216 4146 AB.
234 4098 265 4147 51
286 4098 367 4146 Anni.
387 4097 410 4146 1.
435 4122 469 4129 -
494 4091 629 4161 expectere]
651 4094 701 4146 das
742 4112 790 4160 que
807 4103 899 4144 reatum
917 4110 976 4145 esse.

119 4178 242 4231 Verbum
261 4177 349 4231 findet
368 4177 425 4229 sielr
444 4176 514 4231 noch
527 4178 570 4230 bei
586 4178 701 4231 Plautus
