2602 4890
103 187 164 251 280
275 156 277 161 ’
511 186 821 255 ndett.vn1,120.
853 187 935 245 121).
1129 188 1193 261 [un.
1207 192 1286 249 teet

104 388 174 434 eam
195 368 326 451 erigere,
356 368 384 433 si
406 370 566 435 communi
587 370 722 436 oonsilio
743 372 909 454 negotium
931 370 1243 455 administrabimus
1264 378 1287 443 si

103 468 328 549 distrahemur,
349 470 468 534 infirmi
489 472 616 537 erimus.
657 469 738 535 Mihi
759 471 821 537 hoe
841 472 1054 538 coustitutum
1075 478 1135 541 est.

2 592 4 599 ·
62 571 80 623 4
188 569 248 634 His
268 569 385 635 litteris
406 568 534 652 seriptis
552 569 642 635 Sioua
663 569 723 635 abs
745 575 777 636 te
794 570 874 635 mihi
890 570 1016 637 litteras
1034 571 1148 638 attulit
1164 578 1198 639 et
1213 594 1289 640 meu·

103 668 198 735 data:
221 668 308 753 quod
329 691 380 735 me
401 669 543 750 hortare,
565 674 602 734 ut
624 670 708 735 istuc
728 670 863 751 veniam,
886 670 921 736 id
938 693 988 736 me
1009 671 1117 737 faeere
1133 692 1199 740 non
1215 672 1290 739 arbi-

102 776 174 836 tror
194 791 294 855 posse,
315 770 403 853 quod
424 791 489 836 non
510 790 626 854 magno
649 791 744 855 opere
765 771 814 836 his
836 771 1017 855 legionibus
1039 772 1175 840 confido.

440 1104 551 1170 umx.
573 1104 627 1189 (au
648 1103 715 1172 nes.
736 1103 824 1187 v111,
847 1107 886 1171 12
907 1104 959 1190 o.)

257 1304 313 1359 Sor.
331 1305 464 1359 Luceriae
480 1324 506 1360 a.
523 1306 548 1360 d.
566 1305 634 1361 XIII
651 1305 790 1360 Kalendas
807 1304 924 1360 Martias
942 1308 976 1360 A.
992 1304 1026 1360 U.
1043 1306 1148 1363 (1705.

204 1485 266 1551 GN.
288 1485 464 1553 MAGNUS
485 1486 646 1553 PROCOS
667 1486 697 1553 S.
719 1487 756 1552 D.
778 1486 812 1556 L.
834 1486 1016 1554 DOMITIO
1037 1486 1211 1557 PROOOS.

66 1694 80 1743 1
190 1684 334 1751 Litterae
364 1685 442 1750 mihi
472 1707 493 1751 a
514 1692 546 1751 te
568 1686 714 1754 redditae
735 1697 810 1753 sunt
831 1710 860 1754 a.
880 1689 910 1757 d.
931 1715 989 1756 xm
1009 1687 1083 1753 Kal.
1105 1689 1299 1770 Martiasin

107 1785 224 1869 quibus
255 1786 369 1852 scribis
392 1787 559 1853 Caesarem
586 1789 673 1872 apud
696 1789 872 1856 Corfinium
893 1794 1001 1855 castra
1019 1791 1174 1874 posuisse.
1217 1788 1300 1869 Quod

107 1886 221 1969 putavi
247 1891 280 1951 et
300 1888 497 1969 praemonui,
519 1886 566 1968 fit,
588 1894 625 1953 ut
646 1910 705 1955 nee
725 1890 758 1953 in
779 1890 963 1973 praeseutia
984 1890 1186 1957 committere
1203 1897 1299 1957 teuuu

107 1986 264 2069 proelium
285 1986 363 2052 velit
384 1994 417 2052 et
440 1987 588 2054 omnibus
610 1990 709 2073 copiis
729 1990 895 2057 conductis
920 1990 1122 2075 teimplioet,
1141 1992 1243 2058 need
1258 2010 1300 2057 ue

106 2086 169 2151 iter
199 2087 260 2152 tibi
281 2087 463 2170 expeditum
484 2088 527 2152 sit
549 2095 648 2172 atque
668 2090 748 2155 istas
770 2092 879 2174 copias
901 2092 1091 2174 coniungere
1113 2091 1299 2175 optimorum

108 2187 223 2251 oinium
253 2188 353 2271 possis
384 2208 455 2252 cum
480 2188 520 2253 iis
541 2189 730 2271 legionibus,
762 2190 801 2255 de
831 2212 969 2274 querum
989 2190 1158 2256 voluntate
1181 2191 1299 2257 dubita·

108 2307 198 2352 mus:
225 2309 288 2371 quo
310 2289 405 2354 etiam
428 2291 532 2372 magis
552 2290 617 2355 tuis
638 2290 756 2356 litteris
778 2312 848 2356 sum
870 2297 1068 2370 commotus;
1099 2292 1299 2375 nequeenim

109 2409 219 2454 eorum
240 2389 389 2469 militum,
421 2410 501 2472 quos
524 2410 647 2455 meeum
663 2389 783 2471 babeo,
815 2393 982 2458 voluntate
1003 2393 1082 2458 satis
1103 2391 1241 2471 eoufido,
1268 2396 1299 2457 ut

108 2488 148 2553 de
176 2489 323 2554 omnibus
345 2488 483 2555 fortunis
504 2491 551 2555 rei
572 2490 720 2573 publicae
741 2491 896 2572 dimicem,
926 2513 1031 2575 neque
1052 2493 1160 2572 etiam,
1193 2492 1249 2576 qui
1267 2510 1299 2557 ex

110 2912 240 2966 stendeu:
258 2911 364 2965 Ciceros
375 2911 520 2964 Ausdruek
529 2909 603 2977 VIII,
614 2914 643 2963 11
655 2909 688 2963 D.
731 2909 779 2963 des
800 2911 842 2963 20.
858 2908 939 2963 Febr.
957 2925 993 2963 an
1012 2908 1151 2963 Domitius
1169 2911 1261 2978 gelen
1272 2936 1289 2955 ιι

110 2999 142 3050 b:
159 3006 183 3049 te
204 2997 269 3049 nibil
294 2997 346 3047 nisi
363 3012 463 3047 summa
484 2997 583 3048 rutena
594 2996 688 3061 fecisse
731 2993 787 3047 Der
804 2992 884 3047 steife
902 2992 959 3046 und
976 2991 1060 3045 kiible
1077 2991 1137 3045 Tou
1153 2992 1202 3047 des
1211 2993 1270 3046 Bri
1288 3029 1290 3035 -

110 3079 148 3133 ist
166 3096 220 3132 nur
237 3078 357 3131 dbnlioh.
732 3075 770 3128 ist
796 3075 860 3129 sehr
885 3074 1072 3130 bezeichnend
1097 3075 1143 3129 fiir
1161 3075 1280 3144 Pompei

144 3165 168 3215 4.
188 3159 271 3228 Sicca]
290 3160 466 3229 Vermutuug
487 3178 542 3215 von
560 3159 629 3214 Boot
645 3159 691 3213 fiir
733 3158 782 3212 der
799 3159 848 3212 auf
863 3157 1009 3212 Domitius’
1025 3158 1104 3212 Brief
1120 3158 1170 3212 bin
1188 3176 1225 3213 au
1246 3184 1288 3204 ιιι

111 3245 157 3300 die
182 3244 329 3298 verderbte
356 3231 583 3312 llberlieferung3
614 3241 691 3296 Sicos
733 3241 828 3295 selben
845 3241 921 3311 Tege
938 3258 974 3295 an
991 3241 1036 3295 die
1053 3241 1182 3295 Konsulu
1201 3242 1289 3297 dies

111 3329 185 3381 wilre
203 3328 253 3381 der
269 3346 303 3381 zu
319 3344 362 3394 ep.
383 3328 455 3381 1511.
471 3329 536 3394 16,6
550 3326 691 3381 erw'ahnte
734 3324 809 3391 vm,
824 3328 850 3392 6,
869 3328 886 3379 2
905 3325 1072 3394 mitgeteilte
1088 3323 1249 3379 lskonisobe
1274 3331 1295 3370 t.

111 3411 222 3465 Freuud
240 3410 355 3465 Ciceros.
735 3408 836 3477 pesohe
853 3409 958 3478 ergebn
975 3408 1048 3462 liess.
1073 3407 1169 3461 Uieero
1185 3408 1248 3477 ffigt
1263 3434 1291 3452 ιι

144 3494 243 3549 LXIX.
283 3494 347 3548 Dies
374 3495 411 3547 ist
438 3494 487 3547 der
513 3493 693 3562 verbiugnis·
734 3511 784 3545 uu:
801 3494 893 3546 deiude
909 3493 1043 3559 supposuit
1058 3490 1218 3559 (Pompeiae)

112 3580 184 3633 volle
210 3577 297 3642 Brief,
322 3578 371 3630 der
397 3576 442 3630 die
467 3564 613 3645 llbergabe
639 3593 692 3631 von
734 3578 808 3643 mam
825 3577 948 3642 epistustoe
965 3575 1072 3627 Domitii
1089 3572 1231 3641 (istuioht
1246 3601 1258 3620 ιι

114 3661 264 3717 Corfinium
291 3660 340 3726 (21.
359 3658 449 3727 Febr.)
476 3660 619 3713 entsehied
636 3658 694 3713 und
735 3657 916 3725 verbanden),
931 3659 1000 3726 qood
1015 3675 1059 3725 ego
1076 3660 1115 3711 od
1130 3667 1155 3712 te
1169 3660 1256 3727 pridie
1283 3690 1284 3693 =

114 3745 212 3800 dessen
229 3743 324 3799 Inhalt
346 3742 430 3796 Cesar
458 3744 495 3809 19,
523 3743 586 3796 3in
604 3742 695 3796 seiner
736 3762 828 3798 ewam.
863 3744 900 3794 Di
923 3743 1086 3807 immortales,
1109 3743 1156 3809 qui
1172 3760 1213 3795 me
1236 3769 1252 3785 ι
1288 3768 1290 3778 ι

114 3828 205 3883 Weise
226 3826 414 3894 wiedergiebt.
448 3825 501 3880 Die
517 3825 696 3894 Entfernung
733 3827 874 3897 persedit!
890 3843 968 3893 quum
983 3825 1203 3890 sumeolle'es'tm,
1242 3852 1246 3867 .
1286 3857 1287 3866 ι

114 3931 169 3969 von
178 3912 294 3966 Luceria
303 3910 345 3964 bis
353 3908 501 3964 Corfinium
513 3910 614 3977 betrug
624 3914 696 3963 etwa
733 3913 859 3978 faturum
875 3909 925 3962 sit!
941 3910 987 3961 boe
1003 3919 1088 3961 tamen
1098 3924 1180 3975 spero,
1206 3944 1214 3951 ι
1229 3936 1272 3952 ιι«

115 4001 165 4052 200
183 3997 253 4064 Km,
271 3996 315 4049 die
333 3997 461 4049 tabellarii
478 3993 573 4062 legteu
590 3993 696 4062 tiiglieh
737 4011 830 4048 nomeu
845 3994 1008 4060 imperatorie
1015 3993 1088 4060 fore,
1103 3992 1263 4058 memmio
1275 4017 1291 4029 w

116 4080 184 4146 (ΔΕ.
201 4082 242 4146 55,
260 4083 293 4132 A.
310 4079 337 4146 2)
357 4079 459 4131 40-50
475 4075 612 4129 rdmisehe
629 4075 697 4129 Mei·
737 4088 815 4132 ventu
840 4087 962 4130 terrorem
986 4102 1021 4114 -
1045 4074 1104 4128 also
1129 4074 1230 4129 immet

116 4161 555 4227 len‚etw260-75Km.zuriiek:
572 4158 696 4213 darnaeb
737 4161 898 4216 Illnsionen.

116 4246 223 4301 konute
248 4246 293 4299 die
317 4245 476 4313 nmgehend
493 4261 539 4298 em
558 4245 598 4296 17.
615 4240 695 4294 Febr.
772 4249 794 4298 1.
812 4241 974 4312 promanat]
992 4242 1042 4296 dae
1054 4240 1188 4307 Verbum,
1203 4235 1289 4295 velot

118 4329 313 4400 gesehrisbene
328 4332 459 4383 Antwort
484 4328 533 4383 des
549 4324 696 4393 Pompejus
738 4328 784 4382 die
801 4329 913 4396 spdtsre
931 4324 1061 4395 Spreebe,
1086 4320 1254 4379 nameutliub
1275 4343 1292 4362 ⁶2

117 4412 205 4468 durob
222 4413 266 4467 die
280 4415 375 4483 peritos
391 4416 524 4481 regionam
536 4426 698 4479 magnomo-
738 4410 811 4466 Orid
828 4410 887 4465 und
903 4409 1001 4465 beiden
1017 4407 1134 4477 Plinius,
1149 4404 1243 4476 bilufig
1255 4402 1286 4457 be

111 4499 197 4566 pon'te
208 4499 328 4567 praeuio
355 4494 527 4565 (ces.17,1)
553 4494 592 4549 im
609 4490 697 4547 Lause
737 4493 844 4551 seheint
868 4493 985 4562 vulgiir:
1013 4491 1059 4548 bei
1079 4490 1175 4549 (lieeru
1198 4488 1287 4545 stelit-
