2602 4890
114 184 175 246 m
592 162 828 244 mmmm
1185 180 1216 247 m

112 345 200 430 qnod
222 366 273 410 me
295 347 328 410 in
350 352 444 411 tanta
465 347 598 412 fortuna
616 347 712 413 modo
731 347 897 427 cognitum
917 346 1208 412 vetustissimorum

111 445 241 511 liarium
263 445 333 512 loco
355 445 481 523 habuit,
512 445 612 511 dilexi
640 466 767 510 summa
797 464 870 508 oum
900 447 1024 526 pietate
1055 451 1090 511 et
1112 446 1187 531 lide.

112 567 185 611 mea
205 547 365 610 sententia
387 565 498 627 gerere
519 544 599 607 mihi
629 544 738 620 licuit,
768 544 818 608 ita
838 544 918 624 feci,
949 551 986 610 ut
1019 546 1164 629 optimus
1183 568 1216 630 qr

112 648 251 711 maxime
272 646 441 729 probarit3
471 644 559 728 quod
580 647 686 710 iussus
708 665 798 725 sum,
830 666 868 710 eo
890 652 1036 728 tempore
1057 652 1159 730 atque
1180 648 1216 713 ita

112 754 150 811 ut
171 753 343 829 appareret
364 746 466 810 invito
485 747 680 828 imperatum
702 766 780 812 esse.
823 744 923 811 Cuius
945 747 1024 811 facti
1042 746 1216 814 iniustissir

111 846 200 910 vidia
221 846 347 911 erudire
371 866 420 909 me
442 845 558 929 potuit,
581 866 680 928 quam
702 846 844 911 iucunda
865 845 1002 911 libertas
1024 854 1058 912 et
1081 869 1216 931 quamn

112 947 172 1011 sub
194 948 415 1013 dominatione
435 946 503 1011 vita
525 953 616 1011 esset.

196 1049 256 1127 Ita,
287 1048 315 1114 si
345 1048 379 1111 id
400 1047 521 1129 agitur,
552 1053 590 1112 ut
620 1067 733 1111 rursus
754 1047 786 1110 in
808 1052 971 1130 potestate
994 1048 1106 1113 omnia
1127 1052 1216 1114 unius

114 1152 309 1234 quicumque
330 1151 358 1214 is
380 1157 446 1227 est,
479 1150 509 1213 ei
530 1169 581 1213 me
602 1148 755 1231 profiteor
777 1149 960 1227 inimicum,
991 1169 1050 1213 nec
1074 1151 1216 1233 periculu

71 1256 89 1305 4
114 1252 228 1331 ullum,
251 1251 340 1335 quod
362 1271 422 1333 pro
443 1249 598 1316 libertate
619 1255 678 1313 aut
699 1249 856 1331 refugiam
884 1256 942 1314 aut
964 1248 1138 1332 deprecer3
1170 1251 1216 1316 sed

111 1354 197 1417 eules
228 1373 331 1436 neque
361 1357 492 1416 senatus
523 1349 671 1415 consulto
701 1369 803 1432 neque
833 1349 950 1413 litteris
990 1352 1057 1414 suis
1088 1373 1216 1434 praecep

112 1452 201 1531 mihi,
220 1453 299 1535 quid
317 1452 470 1516 facerem:
489 1473 570 1515 unas
589 1452 673 1514 enim
693 1456 769 1532 post
787 1449 864 1514 Idus
882 1450 1017 1515 Martias
1035 1452 1165 1517 demum
1184 1452 1216 1517 al

112 1553 239 1617 litteras
262 1553 378 1635 accepi,
399 1553 433 1615 in
455 1551 574 1635 quibus
597 1549 751 1615 hortatur
773 1571 832 1630 me,
854 1555 893 1614 ut
910 1552 1038 1616 senatui
1057 1553 1216 1618 scribam:

112 1653 287 1717 exercitum
310 1653 343 1716 in
365 1657 527 1735 potestate
547 1652 615 1716 eins
633 1653 799 1715 futurum:
822 1649 921 1732 quod,
944 1671 1017 1714 cum
1036 1651 1179 1735 Lepidus
1196 1673 1216 1716 o

111 1757 247 1816 naretur
270 1757 368 1834 atque
392 1752 541 1817 omnibus
562 1751 720 1816 scriberet
742 1771 776 1814 se
794 1750 975 1815 consentire
993 1772 1066 1815 cum
1078 1753 1214 1818 Antonio

113 1854 198 1916 xime
221 1852 422 1917 contrarium
444 1853 526 1931 fuit3
557 1873 632 1916 nam
663 1851 783 1934 quibus
804 1852 1038 1917 commeatibus
1061 1853 1163 1919 invito
1184 1853 1214 1918 ill

112 1953 202 2017 illius
223 1954 420 2036 provinciam
443 1953 585 2035 legiones
607 1951 784 2017 ducerem?
828 1957 905 2032 aut,
935 1953 963 2015 si
994 1957 1105 2018 cetera
1126 1956 1216 2019 transi

111 2076 188 2118 num
211 2055 310 2120 etiam
332 2053 428 2137 Alpes
450 2060 596 2137 poteram
622 2052 835 2131 transvolare,
859 2072 942 2135 quae
972 2055 1135 2136 praesidio
1164 2055 1216 2119 illir

111 2154 255 2219 nentur?
277 2154 359 2218 adde
381 2153 454 2234 hue,
479 2154 565 2237 quod
586 2152 722 2237 perferri
746 2153 875 2217 litterae
897 2153 988 2218 nulla
1006 2155 1188 2221 condicione
1200 2178 1216 2239 p

112 2260 208 2332 runt;
241 2255 394 2319 sescentis
415 2254 501 2318 enim
522 2254 600 2319 locis
622 2254 845 2330 excutiuntur,
878 2253 992 2318 deinde
1015 2255 1114 2320 etiam
1137 2257 1216 2320 retin

69 2369 86 2421 5
113 2354 155 2419 ab
177 2354 299 2437 Lepido
322 2353 495 2419 tabellarii.
538 2354 624 2419 Illud
655 2375 705 2419 me
727 2353 900 2420 Cordubae
930 2376 990 2437 pro
1021 2357 1171 2422 contione
1196 2356 1216 2420 di

113 2573 191 2626 nicht
209 2591 241 2625 zu
260 2572 693 2642 denLetzten,denGeringsten
740 2602 768 2610 -—
784 2577 872 2626 omnic
891 2576 972 2627 caim
998 2574 1057 2641 rint]
1085 2581 1171 2629 etwas
1191 2591 1216 2642 ge

112 2675 146 2710 zu
163 2657 293 2725 gehiiren.
311 2683 344 2692 —
360 2657 449 2725 plone]
474 2659 611 2726 geradezu
638 2655 692 2724 (ep.
735 2655 951 2725 Wortstellung,
977 2658 1065 2711 wofiir
1085 2659 1139 2712 Cic.
1159 2660 1213 2712 fam.

113 2743 151 2807 13,
169 2741 195 2806 5)
214 2740 266 2792 mit
285 2740 444 2809 Beziehnng
462 2741 511 2794 auf
529 2744 558 2793 ia
576 2743 693 2793 extremis
736 2742 824 2807 19,1:
850 2742 918 2807 qaod
942 2742 971 2792 iet
997 2744 1075 2793 unice
1096 2752 1209 2809 potestate

113 2823 167 2890 (ich
186 2823 250 2875 liess
268 2824 313 2876 die
331 2823 434 2877 Gefahr
464 2824 543 2877 nicht
564 2841 599 2876 an
618 2824 693 2876 mich
735 2825 831 2874 omnia.
854 2850 887 2860 -
912 2825 1073 2893 quietemque]
1100 2827 1216 2879 substant

112 2905 357 2973 herankommeu);
385 2907 440 2975 vgl.
466 2906 532 2960 fam.
550 2906 585 2973 X,
610 2910 635 2974 5,
661 2910 692 2959 2:
736 2906 780 2959 fiir
795 2909 907 2974 quiaquia
924 2907 962 2959 ist
980 2907 1215 2963 archaismusrll'

112 2994 150 3043 ito
167 3001 189 3043 te
206 2993 361 3042 contortor
378 2994 470 3056 solum,
486 2993 522 3042 mi
533 2992 638 3056 Plance,
649 2992 694 3043 aad
735 2988 913 3042 deminution
930 2993 979 3044 451
997 2991 1017 3044 f.

108 3078 192 3142 plane
208 3077 286 3126 etiam
303 3093 355 3126 oro.
769 3075 793 3126 4.
811 3073 932 3140 comulas]
946 3075 1087 3128 Antonius
1101 3076 1158 3128 und
1170 3076 1216 3129 Dola

146 3160 169 3210 3.
188 3161 217 3209 ia
243 3167 317 3209 tanto
329 3155 455 3224 fortuna]
482 3158 531 3210 auf
549 3157 598 3209 der
616 3157 694 3210 Hdhe
736 3186 769 3193 —
786 3160 876 3210 litteris
893 3157 955 3226 scie]
983 3178 1016 3212 zu
1034 3176 1077 3226 ep.
1096 3162 1138 3221 28,
1167 3163 1216 3212 1.-

113 3241 201 3294 aeines
228 3240 354 3292 Gliickes.
382 3269 416 3276 —
449 3243 523 3293 modo
557 3240 693 3309 cognitam]
736 3243 1133 3296 tiocoretur...conseatira...
1151 3253 1215 3297 contr

112 3327 183 3375 caedo
201 3324 287 3376 kaurn
307 3328 372 3389 eret,
399 3325 470 3377 noch
497 3326 577 3378 nicht
603 3328 695 3394 lange,
735 3325 956 3393 beabsiohtigter
973 3324 1148 3381 Silbenreim.
1170 3359 1192 3366 -
1213 3352 1216 3375 l

112 3407 235 3460 n'a‘mlich
260 3413 318 3460 erst
345 3408 399 3460 seit
420 3409 485 3462 dem
502 3410 628 3477 Beginne
646 3410 694 3462 des
736 3407 815 3476 raam]
844 3409 1044 3478 zweckwidrig.
1072 3439 1106 3448 -
1137 3430 1216 3463 comm

112 3490 344 3558 Biirgerkriegcs,
371 3491 445 3544 denn
472 3494 510 3545 im
536 3494 694 3548 Gallischen
738 3493 767 3545 in
794 3492 978 3561 eigentlicher
998 3493 1182 3564 Bedeutung:
1206 3495 1216 3545 ‘j

111 3573 213 3641 Kriege
239 3573 308 3626 wird
336 3574 422 3628 Pollio
448 3576 526 3629 nicht
561 3580 694 3644 genannt.
737 3593 820 3644 gang,
841 3574 926 3644 ch',
944 3577 995 3629 wie
1022 3576 1116 3631 Plaut.
1145 3578 1216 3631 Stich

112 3658 196 3709 Ciisar
215 3656 298 3707 nahm
326 3657 373 3710 ihn
402 3658 466 3711 bald
493 3660 522 3711 in
540 3661 617 3713 scine
634 3677 695 3713 ver·
733 3677 783 3727 per
808 3661 910 3711 bortum
937 3669 1046 3728 atraque
1080 3674 1216 3715 commeatu

113 3745 252 3793 trauteste
271 3739 439 3810 Umgebung
460 3742 513 3795 auf.
533 3771 563 3779 -
582 3741 642 3810 loco]
661 3761 694 3796 zu
737 3746 798 3795 tinet
808 3762 817 3805 ,·
835 3741 961 3795 Schmalz
979 3745 1011 3796 93
1030 3743 1094 3811 (36).
1105 3774 1137 3783 -
1151 3756 1216 3799 tram

112 3823 166 3887 §a
185 3852 219 3861 —
244 3843 303 3877 mea
328 3825 463 3895 sententio]
490 3827 560 3879 nach
588 3828 694 3880 meiner
737 3845 808 3895 ganz
827 3826 954 3881 wortlich
973 3846 1006 3880 zu
1024 3828 1137 3883 sussen:
1156 3832 1216 3884 einr

112 3906 228 3974 eigenen
246 3895 457 3978 Ubarzeugung,
480 3910 519 3961 im
537 3909 694 3977 Gegensatz
736 3911 892 3965 Ausdruck.
909 3938 938 3947 -
958 3914 1038 3964 invito
1060 3916 1107 3966 illo
1124 3934 1176 3983 per
1192 3918 1216 3967 ill

112 4008 145 4042 zu
162 3993 230 4058 quod
246 3994 331 4045 iaceas
348 4010 456 4044 aum.—-
472 3995 551 4045 0111111
560 3991 693 4061 facti...]
736 4013 779 4064 ep.
805 3998 846 4061 64,
872 3998 896 4048 3.
927 4025 960 4033 -
994 3998 1063 4049 adde
1087 4000 1150 4063 buc,
1175 4018 1216 4067 quc

113 4074 204 4127 maine
215 4075 479 4145 Handlungsweiee3
497 4077 552 4144 vgl.
564 4094 607 4143 ep.
618 4079 660 4142 49,
671 4080 693 4129 l.
737 4079 899 4147 spriinglich
909 4079 1100 4135 dichterische
1108 4082 1216 4137 Wendu

114 4187 143 4195 -
162 4160 207 4209 aab
225 4157 410 4226 dominatione]
427 4160 557 4212 Attribut
575 4179 608 4213 zu
625 4164 691 4213 cita:
736 4162 830 4216 Cicero
845 4163 918 4215 noch
936 4163 1015 4216 nicht
1033 4164 1103 4218 hat:
1121 4166 1216 4219 s.Schr

113 4258 146 4292 au
164 4242 308 4306 ep51,13;
325 4247 366 4305 90,
385 4248 408 4297 7.
427 4271 458 4280 -
477 4241 529 4310 Ira]
547 4243 592 4296 fiir
608 4247 695 4312 itaque
738 4243 801 4311 (48).
818 4274 850 4283 -
868 4244 991 4313 resecatis]
1010 4265 1045 4300 zu
1061 4265 1108 4315 ep.
1125 4254 1149 4315 7,
1166 4252 1193 4303 2.

114 4323 158 4376 bei
169 4323 263 4377 Cicero
281 4325 378 4392 seiten,
395 4326 439 4379 bei
450 4326 567 4380 Plancus
585 4345 628 4396 ep.
639 4330 695 4395 143,
772 4332 795 4382 5.
813 4347 861 4396 pro
884 4328 1008 4398 coctana]
1037 4332 1091 4384 wie
1112 4332 1139 4387 b.
1157 4332 1213 4385 Alr.

112 4410 137 4473 4,
155 4405 281 4476 hitufiger
308 4408 351 4460 bei
369 4409 465 4463 Livius
492 4411 549 4464 und
573 4411 693 4466 Tacitus.
738 4413 832 4467 Cicero
867 4413 967 4468 immor
1000 4417 1030 4467 in
1061 4420 1177 4470 contione
1210 4434 1216 4467 r
