2602 4890
112 195 172 257 124
605 193 658 246 nu.
676 194 737 246 nc.
754 192 801 259 Ν,
819 196 842 246 1.
1194 192 1203 259 1

109 360 270 425 consecuti
292 378 419 438 sumus3
450 359 484 423 in
505 379 540 422 re
561 365 669 424 autem
691 357 858 438 familiari,
889 378 973 441 quae
998 378 1098 441 quem
1120 357 1163 423 ad
1183 380 1204 422 n

109 463 228 538 fracta,
260 459 424 542 dissipata,
447 457 574 541 direpta
593 458 646 537 sit,
668 479 732 523 non
754 459 895 541 ignoras,
917 457 1010 522 valde
1031 458 1204 524 laboramu

110 580 246 642 rumque
267 580 331 624 non
353 564 421 623 tam
443 558 645 636 facultatum,
666 579 748 642 quas
770 579 829 642 ego
847 564 976 623 nostras
995 578 1063 623 esse
1078 560 1197 638 iudico,

110 659 316 725 consiliorum
337 659 379 723 ad
401 658 596 741 colligendas
618 666 651 723 et
677 656 918 723 constituendas
943 658 1098 741 reliquias
1120 665 1204 723 nostr

66 778 85 829 4
110 759 264 841 digamus.
307 757 412 839 Nunc,
443 759 503 823 etsi
524 761 634 823 omnia
656 763 714 824 aut
735 758 857 841 scripta
878 777 946 822 esse
967 779 987 822 a
1009 757 1075 822 tuis
1096 757 1204 823 arbitr«

109 861 207 925 etiam
229 860 352 924 nuntiis
375 881 412 923 ac
434 880 561 924 rumore
582 860 728 942 perlata,
751 866 861 924 tamen
882 879 921 923 ea
942 859 1081 925 scribam
1107 859 1193 923 brevi

108 967 141 1025 te
161 968 242 1044 puto
263 962 464 1043 potissimum
487 982 526 1025 ex
547 963 625 1025 meis
647 961 766 1027 litteris
787 960 868 1025 velle
888 981 1093 1042 cognoscere.

192 1061 244 1125 Pr.
266 1060 376 1126 Nonas
398 1061 525 1125 Sextilis
547 1060 750 1144 Dyrrhachio
772 1082 842 1125 curn
869 1061 1053 1143 profectur,
1083 1061 1155 1142 ipso
1179 1058 1203 1121 il

109 1183 173 1246 quo
202 1162 254 1227 lex
284 1167 333 1226 est
362 1160 431 1225 lata
462 1160 501 1225 de
530 1161 630 1226 nobis.
673 1161 879 1225 Brundisium
906 1161 976 1225 veni
998 1159 1099 1225 Nonis
1122 1159 1204 1223 Sext:

108 1263 156 1327 ibi
176 1261 256 1326 mihi
277 1259 419 1325 Tulliola
440 1281 512 1324 mea
532 1261 597 1324 fuit
617 1267 746 1343 praesto
768 1261 873 1325 natali
893 1281 953 1325 suo
975 1261 1046 1344 ipso
1068 1259 1135 1338 die,
1163 1280 1204 1343 qu

108 1363 191 1426 idem
212 1360 331 1425 natalis
354 1365 424 1424 erat
446 1367 478 1424 et
496 1359 710 1424 Brundisinae
727 1358 872 1424 coloniae
890 1366 923 1423 et
940 1365 1018 1424 tuae
1043 1359 1204 1425 vicinaeS

109 1482 192 1545 quae
214 1481 265 1524 res
288 1460 511 1525 animadversa
533 1482 553 1524 a
573 1460 782 1524 multitudine
803 1481 930 1524 summa
950 1458 1204 1524 Brundisinorur

108 1562 268 1627 tulatione
290 1561 455 1627 celebrata
477 1568 535 1628 est.
557 1562 640 1626 Ante
657 1560 741 1625 diem
760 1588 791 1627 rr
809 1559 886 1623 Idus
904 1559 1042 1638 Sextilis,
1064 1580 1138 1623 cum
1156 1559 1201 1622 Br

109 1682 228 1741 essem,
259 1662 393 1742 cognovi
413 1661 532 1725 litteris
554 1661 665 1738 Quinti
695 1661 830 1725 mirifico
860 1660 968 1725 studio
1000 1661 1143 1725 omniurn
1174 1680 1204 1724 ar

110 1769 208 1845 atque
238 1762 404 1840 ordinum,
436 1761 616 1826 incredibili
639 1764 801 1843 {concursu
823 1760 941 1826 Italiae
963 1761 1063 1842 legem
1086 1760 1204 1825 comitii

109 1863 239 1927 turiatis
260 1883 327 1926 esse
349 1861 526 1945 perlatam:
557 1862 631 1925 inde
654 1882 673 1926 a
694 1860 897 1926 Brundisinis
924 1859 1159 1926 honestissimis
1190 1862 1204 1925 c'

111 1970 243 2028 ornatus
264 1962 326 2026 iter
348 1963 396 2027 ita
417 1961 492 2042 feci,
524 1968 561 2025 ut
581 1962 724 2045 undique
747 1960 790 2027 ad
810 1983 861 2026 me
882 1982 955 2026 cum
976 1959 1199 2043 gratulatione

69 2074 86 2127 5
112 2063 325 2128 convenerint.
367 2061 417 2126 Ad
439 2062 553 2127 urbem
575 2062 624 2126 ita
645 2062 731 2140 veni,
763 2065 799 2125 ut
820 2082 912 2126 nemo
944 2060 1041 2124 ullius
1068 2061 1191 2126 ordinis

108 2163 341 2230 nomenclatori
362 2169 458 2228 notus
480 2162 595 2241 fuerit,
626 2162 682 2245 qui
703 2160 781 2225 mihi
803 2161 930 2226 obviam
951 2181 1013 2225 non
1037 2160 1170 2239 venerit,
1192 2183 1204 2244 1

108 2283 161 2327 eos
183 2262 338 2341 inimicos,
361 2263 478 2346 quibus
499 2262 532 2324 id
554 2262 669 2345 ipsum,
701 2282 734 2326 se
756 2260 902 2325 inimicos
923 2281 1009 2341 esse,
1041 2281 1104 2324 non
1127 2260 1204 2326 licer

108 2362 311 2427 dissimulare
341 2370 399 2428 aut
428 2384 556 2444 negare.
616 2362 697 2429 Cum
727 2361 882 2427 venissem
912 2360 955 2426 ad
985 2368 1114 2445 portam
1146 2362 1204 2447 Cal

108 2664 211 2730 nehm,
238 2681 317 2718 wenn
344 2681 410 2716 man
435 2664 485 2716 ihn
507 2664 598 2733 gleich
616 2664 687 2717 nach
729 2664 867 2733 (Zumpt).
892 2694 926 2704 -
954 2676 977 2718 et
1003 2675 1064 2718 tuce
1090 2668 1192 2718 viciam

108 2748 199 2801 seiner
208 2746 358 2801 Riicklrehr
368 2747 452 2800 sehon
463 2748 503 2800 als
514 2748 688 2801 ausschliess·
731 2748 781 2801 der
797 2748 896 2801 (liittin
914 2748 1008 2815 Salus,
1034 2748 1120 2802 deren
1138 2748 1204 2801 Tem

106 2832 196 2886 lichen
214 2829 358 2885 Vertreter
376 2833 426 2885 der
443 2832 689 2885 Aristokratiean·
730 2830 948 2898 quirinalischen
965 2831 1055 2899 Hilgel
1073 2832 1119 2899 lag
1146 2831 1204 2884 und

107 2915 366 2982 sehnwi113darum
376 2915 436 2967 hiilt
445 2931 476 2967 er
485 2915 543 2968 sich
552 2915 689 2969 zwischen
731 2913 809 2968 N'ahe
835 2932 889 2969 von
916 2914 1037 2968 Atticus’
1063 2913 1171 2967 Hause:
1197 2932 1204 2966 r

107 2998 152 3051 ihr
169 2998 227 3050 und
244 2998 297 3051 den
316 2998 575 3073 Triumvirn'weise
592 2997 621 3050 in
639 2998 689 3050 der
731 2997 885 3051 nachbarte
910 2996 1060 3051 Stadtthor
1094 2998 1169 3050 hiess
1195 2998 1204 3050 ε’

107 3070 689 3149 Mitte.Vgl.zu§5.-fractclwieauchdie
728 3094 807 3150 porta
829 3084 971 3136 Salutaris.
1005 3082 1085 3136 Auch
1111 3099 1164 3149 pro
1182 3081 1204 3135 s.

108 3164 225 3233 iibrigen
235 3164 326 3217 Verba
337 3165 389 3217 mit
399 3165 449 3217 der
460 3163 589 3232 hdufigen
600 3164 690 3218 Meta·
730 3166 800 3220 wird
818 3166 908 3221 dieser
925 3166 1066 3220 dreifache
1083 3164 1204 3219 Geburts

108 3247 179 3314 pher
189 3265 251 3301 vom
261 3247 443 3301 Schiffbruch.
455 3246 515 3315 Vgl.
524 3247 588 3301 Hor.
596 3248 689 3315 satlI,
732 3251 949 3319 merkwiirdiges
974 3248 1105 3318 Ereignis
1136 3249 1204 3302 herv

108 3334 132 3393 3,
151 3333 194 3384 18:
208 3341 345 3399 postquam
361 3334 443 3383 omnis
460 3349 501 3382 res
517 3349 575 3384 mec
592 3333 689 3383 Ianum
731 3333 794 3386 ben.
804 3361 837 3369 -
853 3352 980 3386 maciaco
989 3331 1095 3401 Italiae]
1106 3332 1203 3385 manb

107 3417 144 3467 ad
168 3417 280 3469 mediam
298 3416 391 3481 fracta
408 3424 459 3479 est,
484 3417 572 3467 aliena
589 3417 690 3482 aeqctcu
731 3417 795 3470 dass
813 3416 949 3471 romische
957 3416 1065 3484 Biirger
1078 3416 1123 3469 ihr
1137 3414 1204 3469 Stin

107 3517 168 3550 cerro
194 3516 310 3551 massas
333 3500 467 3565 proprior
494 3513 543 3550 zur
560 3497 646 3552 Sache
670 3513 692 3549 s.
733 3515 788 3552 nur
806 3499 836 3551 in
850 3499 922 3552 Rom
939 3498 1027 3552 selbst
1044 3498 1204 3553 ansiihenlr

108 3598 152 3649 ep.
170 3584 212 3647 22,
229 3584 253 3634 5.
733 3610 767 3618 -
784 3600 843 3634 cam
860 3583 909 3636 Br.
926 3581 1012 3651 msera]
1030 3583 1118 3637 ‘noch'
1136 3583 1167 3636 in
1184 3582 1204 3634 E

139 3667 164 3718 4.
181 3663 417 3733 breorl=paccisr
435 3666 588 3730 ep.36,13:
606 3666 693 3717 dicam
734 3666 784 3719 der
800 3665 878 3719 Brief
895 3666 953 3720 trsl
977 3665 1051 3720 mich
1077 3666 1148 3720 eben
1174 3684 1204 3720 nr

106 3752 192 3811 hreoi;
218 3766 261 3816 ep.
280 3751 321 3815 65,
340 3752 370 3801 l:
398 3750 525 3814 wplicabc
548 3751 632 3815 breni3
658 3748 693 3801 de
734 3751 841 3804 meiner
857 3748 982 3804 Abreise.
1055 3784 1058 3789 -

106 3850 146 3887 or.
163 3834 213 3899 Ill,
230 3834 279 3885 24:
296 3833 442 3899 niqaiflcabo
458 3832 528 3883 brevi
536 3851 545 3893 ,·
563 3832 627 3885 fam.
643 3831 693 3899 111,
767 3834 792 3887 5.
809 3831 1004 3901 aorwcclctori]
1031 3834 1058 3887 d.
1076 3833 1104 3887 h.
1129 3833 1204 3887 mein

106 3921 130 3983 8,
158 3921 188 3970 1;
222 3919 291 3970 brevi
316 3918 513 3983 responderem,-
548 3914 622 3968 Serv.
649 3933 693 3983 ep.
734 3918 896 3971 menclator.
942 3915 967 3970 S.
993 3916 1039 3972 die
1065 3915 1204 3971 Schilders

108 4002 165 4062 113,
184 4004 214 4053 l:
231 4002 299 4053 dreni
316 4002 353 4053 ad
369 4010 392 4052 te
402 4000 568 4067 perscribere.
585 4016 693 4051 -sam
734 4000 824 4053 Horon
836 4000 917 4067 epist.
926 4000 948 4066 Ι,
956 4004 980 4067 6,
990 4004 1039 4055 ὅθι
1057 4003 1204 4055 dlercsmur

104 4087 237 4152 profectos
254 4124 260 4137 .
278 4124 285 4137 .
305 4124 311 4136 .
332 4087 375 4138 lec
391 4093 425 4136 est
441 4085 499 4135 lato
516 4084 547 4136 cle
563 4080 642 4149 nobis]
661 4084 693 4135 de
733 4085 778 4151 qui
794 4085 868 4136 dicct
885 4086 992 4136 camiac
1009 4102 1035 4137 u.
1053 4102 1075 4137 s.
1092 4100 1126 4137 w.
1152 4112 1188 4121 -

106 4165 692 4235 mewitreeinhakophonischerhhschluss
733 4176 787 4218 scm
808 4164 952 4234 Capenam]
979 4183 1025 4219 am
1043 4166 1181 4237 Abhange

107 4251 154 4304 des
181 4250 290 4304 Satzes:
324 4252 380 4318 vgl.
411 4268 444 4303 zu
471 4267 514 4319 ep.
542 4253 582 4317 19,
609 4253 631 4302 l.
659 4276 693 4285 -
733 4248 875 4302 liusrhier
885 4250 998 4302 verliess
1008 4248 1102 4303 Cicero
1111 4250 1158 4305 die
1166 4249 1204 4303 Vi:

107 4336 286 4388 Braadffloae
294 4331 418 4400 coloeics]
433 4332 563 4387 Gemeint
571 4334 610 4387 ist
618 4332 692 4386 wohl
734 4333 790 4386 und
800 4332 894 4386 hatrat
911 4333 957 4386 die
975 4332 1070 4402 scaea
1087 4350 1139 4387 vor
1158 4333 1204 4389 der

106 4419 156 4472 der
182 4418 403 4486 Griindungstag
431 4418 481 4471 der
508 4420 556 4471 122
581 4434 635 4471 von
653 4415 691 4469 M.
734 4416 815 4485 lagon
832 4416 878 4470 die
894 4415 1011 4485 Tempel
1027 4415 1077 4471 des
1090 4415 1204 4473 Honori

100 4501 202 4557 Livius
227 4500 335 4557 Drusus
360 4501 554 4572 gegriindcten
576 4500 692 4555 Kolonis
734 4498 840 4554 Virtus.
874 4498 931 4554 Der
947 4499 1010 4569 Zug
1034 4499 1105 4573 ging
1130 4502 1204 4557 donn
