2602 4890
112 202 174 263 444
532 200 578 253 Ad
594 200 661 254 fam
677 200 742 267 XII,
757 204 784 257 4.
800 201 834 269 X,
851 205 894 258 28.
1116 202 1179 275 [Ep.
1188 210 1214 261 lt

111 372 241 449 praeter
262 371 384 430 ceteros
406 384 474 428 me:
496 385 693 448 quamquam
724 368 870 451 egregios
891 371 1043 434 consules
1064 370 1214 437 hahemus

111 466 314 548 turpissimos
336 466 527 544 consularis,
549 475 696 532 senatum
718 468 849 547 sortem,
869 470 926 535 sed
947 470 1061 535 infimo
1082 492 1214 554 quemqu

111 587 191 631 nore
212 565 444 645 fortissimum
469 566 590 650 populo
612 590 687 633 vero
709 569 791 633 nihil
811 568 939 649 fortius,
970 571 1054 634 nihil
1076 572 1189 636 melius
1208 575 1214 635 l

111 689 175 752 que
196 670 356 732 universa.
401 666 491 731 Nihil
522 674 633 732 autem
664 670 791 735 foedius
812 670 964 753 Philippo
995 678 1029 736 et
1051 671 1169 736 Pisone
1196 673 1214 736 h

112 769 194 832 nihil
215 768 426 851 flagitiosius3
457 772 514 853 qui
536 791 608 834 cum
642 778 747 836 essent
777 773 876 850 missi,
906 778 945 836 ut
965 773 1111 837 Antonio
1133 793 1173 837 ex
1191 795 1214 838 s<

113 871 277 934 sententia
297 877 405 935 certas
434 891 485 935 res
518 870 760 950 denuntiarent,
791 893 862 936 cum
886 873 941 937 ille
970 894 1086 937 earum
1115 894 1214 937 rerum

112 970 281 1051 paruisset,
304 972 392 1036 ultro
415 973 456 1036 ab
477 971 535 1036 illo
557 971 598 1034 ad
616 992 676 1036 nos
692 972 912 1037 intolerabilia
925 975 1097 1056 postulata
1112 974 1214 1039 rettuh

109 1074 221 1155 itaque
244 1073 286 1138 ad
307 1095 365 1138 nos
386 1075 600 1152 concurritur,
623 1074 765 1156 factique
787 1075 906 1138 iamin
928 1095 962 1138 re
984 1075 1126 1139 salutari
1149 1097 1214 1158 pop

67 1183 86 1233 2
112 1193 232 1237 sumus.
274 1172 336 1238 Sed
365 1180 403 1238 tu
434 1174 511 1256 quid
544 1194 674 1254 agereS,
707 1174 786 1256 quid
807 1182 950 1254 acturus,
981 1175 1037 1238 ubi
1066 1176 1203 1258 denique

112 1272 312 1337 nesciebam:
335 1274 425 1338 lama
446 1273 624 1337 nuntiabat
646 1279 679 1337 te
701 1295 769 1338 esse
790 1276 825 1338 in
847 1275 958 1358 Syria;
991 1282 1108 1340 auctor
1131 1284 1200 1341 erat

113 1374 161 1438 De
184 1375 295 1452 bruto,
319 1394 384 1456 quo
406 1375 540 1456 propius
563 1380 621 1451 est,
644 1393 682 1438 eo
699 1372 845 1439 firmiora
866 1375 1017 1439 uidentur
1040 1396 1121 1454 esse,
1143 1398 1214 1458 quas

110 1476 245 1539 tiantur.
289 1474 459 1539 Dolabella
478 1473 572 1537 valde
595 1475 842 1557 vituperabatur
864 1476 906 1540 ab
929 1476 1119 1541 homiuibus
1140 1499 1201 1542 nou

110 1578 163 1654 sis,
187 1575 274 1657 quod
296 1575 359 1637 tibi
382 1581 449 1638 tam
472 1576 536 1639 cito
558 1575 753 1653 succederet,
776 1596 850 1638 cum
873 1586 909 1640 tu
932 1577 1066 1641 vixdum
1097 1607 1164 1646 xxx
1192 1579 1214 1641 di

111 1677 204 1760 Syria
226 1676 358 1754 fuisses3
379 1677 492 1757 itaque
513 1675 684 1740 constabat
706 1696 779 1740 eum
801 1677 899 1758 recipi
929 1679 964 1741 in
986 1677 1117 1760 Syriam
1143 1701 1202 1744 non

111 1786 187 1842 tere.
231 1777 363 1841 Summa
384 1777 456 1841 laus
478 1782 510 1840 et
532 1784 598 1841 tuav
612 1785 645 1840 et
667 1776 761 1841 Bruti
783 1785 841 1855 est,
865 1778 954 1861 quod
985 1779 1163 1843 exercitum
1191 1801 1214 1862 pr

111 1901 203 1963 spem
225 1878 452 1943 existimamini
475 1899 687 1961 comparasse.
717 1879 895 1943 Scriberem
917 1879 1024 1961 plura,
1047 1881 1076 1944 si
1094 1900 1161 1944 rem
1178 1901 1214 1943 cai

112 2001 174 2064 que
196 1999 341 2058 nossem;
365 2000 459 2059 nunc,
483 1999 567 2060 quae
590 1979 708 2056 scribo,
730 1979 834 2043 scribo
858 2001 896 2043 ex
915 1979 1065 2062 opinione
1087 1981 1214 2045 hominu

113 2101 176 2162 que
198 2080 294 2145 fama.
337 2077 424 2143 Tuas
447 2078 575 2144 litteras
597 2078 689 2143 avide
711 2084 868 2160 exspecto.
915 2080 1003 2146 Vale.

467 2262 640 2328 CXXXIX.
662 2264 718 2346 (ad
740 2263 815 2329 fam.
839 2265 878 2343 X,
901 2266 964 2349 28.)

336 2430 392 2484 Ser.
411 2431 516 2485 Romae
534 2449 629 2485 mense
645 2430 797 2485 Februario
816 2436 848 2485 A.
867 2430 900 2485 U.
918 2431 946 2487 C.
964 2435 1014 2486 711
1034 2432 1098 2500 (43).

466 2579 622 2645 CICERO
646 2578 863 2646 TREBONIO
886 2582 972 2648 SAL.

73 2762 85 2810 1
197 2748 300 2823 Quam
327 2748 441 2811 vellem
472 2747 513 2810 ad
542 2747 615 2811 illas
638 2747 871 2829 pulcherrimas
894 2748 1007 2829 epulas
1030 2770 1080 2812 me
1103 2748 1206 2811 Idibus

113 3021 156 3070 ep.
176 3006 232 3069 133,
250 3009 273 3056 1.
293 3034 323 3041 -
346 3014 454 3071 praeter
480 3000 581 3067 ceteros]
600 3020 632 3042 =
650 3018 700 3053 vor
743 3001 851 3054 Cassius
879 3017 938 3052 war
969 3000 1042 3066 jetzt
1077 3002 1106 3052 in
1136 3000 1214 3068 Syrier

114 3088 253 3152 Anderen,
271 3087 297 3140 d.
316 3088 342 3141 h,
361 3104 410 3140 vor
428 3086 518 3152 Allen,
536 3086 622 3138 daher
639 3102 699 3138 vor·
742 3089 848 3138 riistete
874 3085 932 3137 sich
958 3102 1049 3153 gegen
1076 3083 1209 3137 Dolabella

115 3173 271 3239 augsweise.
300 3199 330 3206 -
358 3172 518 3237 turpissimos
547 3166 700 3235 consularis}
746 3169 926 3222 unterdessen
945 3169 1020 3220 aeine
1040 3168 1158 3221 Provinz
1179 3181 1214 3232 aug

116 3257 177 3323 Vgl.
196 3255 345 3309 besouders
364 3254 433 3306 Phil.
444 3253 516 3318 VIII,
530 3257 563 3306 20
572 3253 599 3304 ff.
617 3251 698 3305 Diese
740 3252 809 3304 chen
827 3253 938 3305 worden
957 3270 1031 3315 war3
1050 3254 1105 3320 vgl.
1125 3270 1158 3304 zu
1175 3267 1212 3316 ep.

115 3357 160 3391 am
179 3341 202 3391 3.
213 3338 338 3391 Februar
346 3338 494 3407 gehaltene
504 3337 580 3390 Reda
598 3336 635 3388 ist
653 3337 699 3389 fiir
740 3363 772 3372 -
790 3355 838 3403 qao
853 3338 962 3404 propius
980 3335 1023 3402 cat]
1047 3335 1152 3388 Brutus
1171 3350 1214 3385 war

115 3422 168 3474 den
187 3439 293 3488 ganzen
312 3422 389 3474 Brief
410 3422 607 3474 naohzulesen=
635 3419 699 3472 dar·
740 3419 769 3470 in
801 3418 1013 3472 Griechenland.
1048 3447 1079 3456 -
1114 3421 1213 3471 uixdum

114 3505 185 3558 uach
204 3505 349 3559 bestimmt
366 3507 424 3558 sich
444 3505 512 3558 auch
531 3505 581 3557 das
593 3503 698 3555 Datum
740 3501 802 3569 dica]
832 3502 881 3554 das
908 3502 1088 3556 Lacherliohe
1116 3502 1202 3555 dieser

115 3605 228 3642 unseres
255 3590 313 3641 und
339 3591 387 3643 des
418 3589 566 3658 folgenden
592 3587 698 3639 Briefes
740 3587 810 3638 wird
829 3603 878 3638 aus
897 3586 947 3639 der
964 3589 1047 3638 Anm.
1066 3605 1100 3638 zu
1120 3587 1211 3653 epti),

115 3672 370 3741 (OESchmidt).—
384 3670 634 3740 imfimo...houore]
653 3671 698 3722 dis
739 3699 773 3706 —
790 3690 844 3722 rem
862 3668 1027 3738 causamque]
1046 3688 1080 3722 zu
1100 3687 1145 3737 ep.
1163 3673 1202 3730 43,

115 3757 268 3811 Senatoren
288 3757 418 3810 niederen
437 3756 556 3825 Ranges,
582 3756 698 3821 Qu'a'sto-
774 3753 922 3807 CXXXIX.
955 3754 983 3807 C.
1018 3752 1214 3808 Trebonio

115 3859 164 3893 ren
183 3843 239 3894 und
257 3832 369 3894 hdilen.
387 3868 419 3876 —
433 3842 554 3907 Philippo
564 3850 587 3892 et
597 3837 697 3906 Pisone]
739 3848 859 3905 quaestor
883 3841 1012 3899 urbanus,
1049 3838 1090 3890 als
1119 3839 1211 3892 Cicero

116 3926 184 3978 iiber
210 3925 356 3992 Philippus
384 3926 439 3991 vgl.
466 3941 510 3991 ep.
539 3927 603 3990 110,
630 3923 699 3976 iiber
740 3921 850 3975 Clodius
875 3939 924 3975 aus
943 3922 1015 3975 Rom
1032 3921 1198 3976 vertrieben

115 4010 178 4063 Piso
199 4011 317 4076 ep.129‚
343 4012 373 4061 5:
404 4007 541 4075 Sulpicius
570 4025 628 4059 war
653 4024 700 4076 ge·
740 4005 798 4058 und
824 4005 924 4058 bewies
951 4005 1009 4058 sich
1035 4004 1147 4059 damals
1167 4005 1212 4059 seh

115 4093 238 4146 storben.
740 4089 857 4141 wollend
875 4106 964 4157 gegen
982 4089 1040 4141 ihm
1078 4090 1128 4142 Als
1146 4089 1214 4142 Voll

148 4180 173 4229 2.
199 4179 228 4228 iu
253 4175 341 4245 Syria]
369 4176 473 4228 Brutus
505 4176 561 4228 und
588 4174 697 4228 Cassius
740 4172 840 4241 ergriff
854 4189 884 4225 er
902 4172 999 4226 Cdrars
1026 4173 1125 4227 Partei
1152 4174 1209 4226 und

115 4260 214 4313 hatten
240 4260 279 4313 im
297 4260 432 4329 Sphtjahr
452 4261 486 4311 44
511 4258 613 4312 ltalien
639 4275 698 4310 ver·
740 4256 863 4310 nachher
881 4258 922 4310 als
941 4258 1036 4310 descen
1056 4258 1152 4328 Legat
1174 4261 1203 4312 in

116 4344 212 4406 lamen,
231 4351 352 4398 ersterer
368 4361 416 4396 um
426 4344 616 4408 Macedonian,
632 4343 699 4395 letz-
741 4342 794 4395 den
811 4342 919 4409 Kampl
934 4359 1023 4410 gegen
1033 4341 1172 4397 Massilia.
1196 4346 1214 4395 A

115 4437 189 4483 terer
198 4447 246 4482 um
255 4427 353 4495 Syrien
365 4427 395 4479 in
406 4426 499 4480 Besitz
516 4445 550 4479 zu
568 4425 698 4479 nahmen.
739 4437 779 4478 tor
805 4427 920 4478 urbanas
946 4425 1122 4481 widerstand
1149 4427 1214 4482 erd
