2602 4890
37 268 43 281 Ι
111 199 172 261 428
573 195 617 249 Ad
634 195 700 249 sam.
717 195 766 262 XI,
781 198 823 250 27.
1184 195 1224 265 [Ε]

110 349 186 426 sint,
209 346 436 431 proferantur:
459 350 556 410 satu
578 345 606 409 si
628 365 692 409 nou
714 343 817 422 audis,
841 343 919 427 quid
941 343 1058 421 dicam,
1081 346 1208 423 neseio;

12 446 16 451 ’
112 448 194 524 dem,
217 446 397 530 siquando
429 446 537 523 audio,
560 452 628 510 tam
652 445 796 523 delendo,
819 465 917 528 quam
939 467 990 509 me
1019 445 1086 510 scio
1111 453 1184 511 ate
1204 467 1224 510 o

41 582 45 597 ·
110 549 241 631 iniquos
263 568 349 613 meos
371 547 472 612 solere
495 547 631 613 defendi.
684 546 834 610 Defensio
865 552 971 610 autem
1004 552 1054 610 est
1085 546 1221 630 duplex:

111 657 196 726 sunt,
218 669 302 732 quae
324 647 446 730 liquido
466 668 583 729 negare
605 647 735 725 soleam,
758 652 796 709 ut
816 647 855 711 de
872 647 935 710 isto
957 646 1028 729 ipso
1050 647 1224 728 suffragi03

112 770 196 831 quae
217 747 384 812 defendam
409 769 429 812 a
450 754 482 812 te
503 747 555 830 pie
576 747 646 811 fieri
668 754 701 809 et
724 747 872 823 humane,
894 753 933 811 ut
955 746 994 810 de
1025 748 1197 812 curatione

64 860 194 915 urum.
246 849 308 913 Sed
331 856 371 926 te,
402 850 561 913 hominem
593 849 824 927 doctissimum,
854 869 920 912 non
951 848 1045 929 sugit,
1068 849 1096 912 si
1119 849 1224 913 Caesar

113 950 210 1014 fuerit
231 985 273 997 -
294 948 382 1031 quod
400 949 478 1013 mihi
500 948 628 1032 quidem
651 949 778 1012 videtur
799 985 850 1026 —,
873 949 906 1011 in
930 959 1102 1031 utramque
1132 956 1224 1032 parte

113 1057 170 1115 tuo
192 1049 298 1115 officio
320 1050 481 1133 disputari
504 1071 605 1133 posse,
628 1049 677 1114 vel
699 1050 732 1112 iu
754 1070 836 1125 eam,
869 1070 937 1132 qua
966 1071 1025 1131 ego
1056 1050 1147 1114 soleo
1171 1051 1224 1126 uti,

113 1151 253 1216 dandam
275 1172 342 1216 esse
373 1151 467 1214 fidem
499 1157 532 1215 et
558 1150 793 1215 humanitatem
827 1158 928 1224 tuam,
961 1150 1017 1233 qui
1049 1152 1191 1216 amioum
1221 1178 1224 1207 ι

113 1260 276 1316 mortuum
299 1251 424 1333 diligen,
446 1251 495 1315 vel
517 1251 549 1315 in
572 1272 652 1328 eam,
675 1271 741 1333 qua
763 1272 827 1315 nou
850 1251 932 1314 nulli
953 1258 1105 1327 utuntur,
1136 1251 1224 1317 libert

113 1353 242 1435 patriae
263 1352 350 1417 vitae
373 1352 468 1416 amici
491 1353 758 1434 anteponendam.
812 1351 861 1415 Ex
882 1353 933 1415 his
962 1352 1169 1418 sermonibus
1197 1357 1224 1415 ut

115 1459 220 1517 essent
241 1452 369 1517 delatae
391 1451 433 1515 ad
464 1459 496 1516 te
526 1452 760 1535 disputationes
793 1453 901 1517 meae!
933 1452 996 1517 Illa
1027 1474 1102 1517 vero
1134 1451 1208 1532 duo,

115 1555 256 1618 maxima
276 1560 353 1617 suut
373 1552 506 1616 laudum
528 1558 670 1631 tuarum,
692 1553 766 1635 quis
785 1561 844 1618 aut
865 1553 1020 1618 libentius
1039 1574 1140 1636 quam
1159 1574 1217 1635 ego

115 1660 274 1718 memorat
297 1661 355 1719 aut
377 1653 531 1736 saepius?
553 1660 586 1717 te
608 1662 640 1718 et
663 1675 726 1718 non
746 1654 936 1737 suscipiendi
956 1654 1033 1720 belli
1050 1654 1157 1719 civilis
1174 1674 1224 1734 gra

115 1775 204 1817 mum
226 1761 388 1818 auctorem
411 1753 510 1817 fuisse
531 1760 564 1818 et
585 1754 799 1819 moderandae
821 1755 991 1818 victoriae:
1019 1754 1052 1817 in
1075 1775 1142 1836 quo
1164 1754 1217 1835 qui

115 1875 180 1919 non
203 1855 427 1930 adsentiretur,
450 1854 555 1918 inveni
577 1855 743 1920 neminem.
786 1854 857 1930 Qua
887 1876 922 1919 re
943 1854 1049 1921 habeo
1081 1855 1218 1935 gratiam

117 1955 217 2035 batio,
239 1955 392 2018 familiari
413 1962 535 2032 nostro,
557 1956 614 2037 qui
637 1954 714 2017 mihi
736 1955 824 2019 dedit
842 1976 972 2020 oausam
992 1957 1110 2019 harum
1128 1955 1224 2019 littera

112 2057 235 2139 quibus
262 2057 323 2120 nisi
345 2056 526 2135 credideris,
550 2077 600 2120 me
622 2057 726 2120 omnis
747 2057 845 2122 offioii
867 2065 900 2123 et
920 2057 1138 2122 humanitatis
1161 2077 1224 2139 expr

116 2158 281 2236 iudicaris;
299 2178 363 2240 quo
378 2178 437 2221 neo
451 2157 528 2220 mihi
537 2158 666 2239 gravius
675 2159 849 2241 quicquam
859 2165 1044 2241 potestesse
1060 2179 1120 2223 neo
1134 2164 1167 2222 te
1180 2156 1224 2222 ali

118 2283 167 2288 ...-
171 2282 204 2287 -.
209 2282 216 2287 -
220 2281 533 2288 .-------

115 2329 215 2389 meint,
241 2344 283 2379 wo
310 2327 359 2380 der
377 2326 621 2395 Zusammenhang
640 2327 702 2380 eine
744 2331 883 2396 defendere
901 2328 954 2380 mit
971 2331 1036 2381 Aee.
1054 2345 1077 2381 o.
1096 2327 1161 2380 int:
1187 2328 1224 2379 ‘aur

118 2413 210 2466 solehe
233 2412 360 2465 Tendenz
390 2412 438 2464 des
465 2411 593 2464 Gesetzes
619 2412 704 2466 erfor·
745 2414 892 2481 teidigung
918 2412 1073 2469 sufiihren’‚
1101 2427 1152 2477 pro
1179 2411 1223 2477 Lig

104 2496 197 2550 'derte
214 2495 314 2563 (Boot).
348 2495 455 2549 Uusere
472 2494 556 2547 Stelle
582 2495 633 2548 hat
657 2497 704 2548 da·
745 2502 781 2552 M.
804 2500 889 2550 Cicero
914 2498 989 2564 apud
1014 2506 1037 2548 te
1063 2497 1179 2562 defendit
1198 2495 1224 2544 oli

117 2599 206 2651 gegen
243 2582 331 2634 Rnete
366 2581 418 2633 mit
462 2598 570 2649 grosser
605 2579 703 2634 Wahr-
745 2602 777 2635 eo
793 2586 922 2635 volontate
947 2598 998 2632 nou
1018 2581 1113 2646 famae,
1134 2581 1163 2629 io
1178 2595 1221 2645 quo

118 2666 329 2722 seheinliehkeit
347 2665 396 2717 auf
413 2665 456 2717 die
475 2668 517 2718 lea
525 2667 556 2717 de
572 2675 703 2731 permuto-
744 2684 801 2717 aum
818 2667 951 2731 confitetur
963 2665 1059 2730 fuisse.
1080 2662 1150 2729 nug.
1166 2659 1216 2713 Stil.

118 2756 184 2805 tione
201 2753 394 2818 prouinciarum
413 2748 542 2815 bemgen,
569 2750 614 2802 die
633 2749 702 2802 noch
747 2781 778 2789 -
797 2736 934 2815 Ubrigens
961 2749 1071 2815 sprieht
1088 2747 1180 2800 Cicero
1202 2760 1223 2795 m

117 2836 170 2890 den
190 2835 297 2901 Spieleu
318 2833 374 2885 und
392 2849 442 2884 vor
459 2831 523 2884 dem
537 2834 560 2883 2.
579 2830 703 2898 Septem·
748 2833 865 2887 Worten
878 2836 936 2884 Att.
946 2831 1005 2896 XV,
1014 2835 1080 2897 23:
1100 2832 1224 2883 ludorum.

119 2920 168 2971 ber
179 2918 375 2978 durohuesetzt
385 2916 496 2967 wurde:
515 2917 654 2967 Antonius
664 2932 703 2967 er·
744 2928 858 2984 paratas
883 2927 905 2969 et
930 2916 1027 2967 Matius
1054 2935 1085 2967 oo
1103 2912 1224 2966 Postumia

119 2998 493 3069 awangdaduroh(peraim:
512 2997 704 3064 Liv.periooh.
743 3012 922 3069 procuratores
947 3018 999 3051 oon
1023 3002 1129 3065 placent
1146 2997 1212 3049 seins

121 3084 189 3152 117),
207 3085 269 3136 dass
287 3100 317 3134 er
335 3082 379 3134 fur
404 3082 452 3132 das
471 3082 526 3133 ihm
546 3081 642 3133 frtther
661 3081 705 3133 be·
747 3085 881 3151 Meinung
899 3100 955 3137 ans.
978 3111 1012 3120 -
1037 3080 1089 3149 pie]
1117 3081 1170 3148 vgl.
1186 3094 1220 3142 ep.

120 3170 246 3222 stimmte
264 3164 444 3218 Macedonien
464 3164 554 3216 Gallia
565 3164 704 3231 Cisalpina
779 3171 803 3221 8.
822 3170 888 3237 qnod
914 3169 977 3219 miti
1002 3169 1107 3234 quidem
1126 3156 1224 3225 armetur]

120 3252 178 3305 und
204 3250 388 3317 Transalpina
414 3248 587 3300 eintaueohte
613 3247 655 3313 (Ο.
675 3248 705 3299 Ε.
747 3254 816 3306 tiber
835 3252 878 3304 ioh
894 3253 932 3304 im
945 3251 1109 3304 Reinenbin
1129 3245 1224 3315 (niimlit

120 3336 246 3388 Schmidt
264 3334 294 3385 Z·
311 3333 330 3384 f·
349 3334 381 3385 0¹·
392 3332 460 3383 Phil·
472 3330 567 3397 Suppl-
588 3333 626 3394 13,
636 3332 704 3398 714),
748 3337 831 3390 Ciisar
841 3338 881 3389 als
890 3336 1049 3402 Usurpator
1063 3330 1216 3402 geherrsoht

122 3416 417 3471 womitohneZweifel
429 3416 474 3468 die
486 3415 705 3482 Herbeiziehuug
748 3449 781 3458 -
805 3422 961 3473 sermonibus
980 3459 985 3470 .
1005 3458 1032 3470 ..
1052 3418 1224 3484 disputationes

122 3504 171 3556 der
190 3500 418 3554 macedoniseheu
437 3500 577 3568 Legionem
596 3500 634 3550 im
654 3498 707 3550 Zu·
748 3508 821 3558 suste
839 3503 919 3556 Wort
938 3503 1037 3554 betont
1055 3501 1100 3552 die
1110 3500 1132 3552 F
1134 3516 1190 3553 orm
1202 3496 1224 3548 dr

121 3587 337 3653 eammeuhange
364 3585 462 3636 stand:
489 3592 535 3637 καὶ
555 3582 569 3638 ὁ
589 3583 702 3651 στρατὸς
747 3589 1005 3653 einandersetzung,
1034 3586 1084 3637 das
1103 3579 1224 3636 zwetted

123 3670 257 3738 Ἀντωνίῳ
274 3670 331 3735 μετ’
359 3668 449 3729 αἰτίας
474 3668 628 3734 εὐπρεποῦς
654 3666 705 3733 ἤδη
747 3672 819 3726 sioht
845 3691 878 3724 zu
902 3671 1057 3733 beweisen3
1083 3668 1124 3719 als
1144 3664 1224 3718 Hendi

121 3754 168 3809 τόν
186 3755 280 3809 Ἰόνιον
299 3752 399 3818 saepo:
420 3752 529 3819 Appian
550 3751 575 3804 b.
594 3753 705 3818 oiulll,
747 3774 790 3822 ep,
808 3759 830 3819 6,
850 3759 881 3808 2:
899 3770 1014 3806 sermone
1031 3770 1063 3803 ao
1080 3751 1224 3818 disputator

121 3842 161 3893 30.
181 3839 284 3901 Dieses,
304 3837 354 3889 wie
373 3852 437 3886 man
456 3836 536 3899 sieht‚
557 3836 627 3889 eben
646 3846 704 3888 erst
747 3842 787 3904 36,
814 3844 861 3893 23:
887 3842 916 3890 io
934 3838 1110 3904 disputatione
1128 3854 1159 3887 ae
1175 3834 1224 3885 dial

121 3923 373 3989 durohgegangene
389 3921 612 3986 Gesetzerregte
628 3937 705 3987 gros·
747 3933 875 3976 auctorem
903 3921 1000 3988 fuisse]
1036 3920 1096 3972 diee
1132 3918 1209 3971 hatte

122 4024 170 4057 seu
191 4005 335 4069 Uuwillen‚
354 4002 705 4056 undlllatius'Teilnahme
748 4007 818 4060 auoh
845 4021 933 4071 gegen
962 4003 1074 4056 Atticus
1098 4016 1224 4071 ausgespr

122 4106 159 4140 an
178 4089 226 4141 der
243 4088 444 4155 Abstimmung
467 4087 546 4139 hatte
565 4087 634 4138 wohl
653 4086 706 4138 den
748 4095 808 4143 Λα,
819 4090 867 4153 ΙΧ,
879 4091 958 4154 11,2:
978 4087 1088 4149 illatio-r,
1100 4127 1106 4138 .
1118 4126 1142 4141 ..
1161 4089 1224 4136 laeum

123 4173 205 4224 'sadel
217 4172 323 4225 Ciceros
339 4172 517 4239 hervorrufen
536 4172 656 4223 kdunen.
677 4198 704 4207 -
748 4177 813 4238 cole,
830 4184 858 4223 ut
875 4174 939 4224 milii
961 4173 1031 4221 eiam
1061 4180 1107 4228 eat,
1138 4182 1224 4236 temper

122 4258 185 4324 quid
201 4257 294 4315 dicam,
311 4255 402 4323 umato]
434 4272 463 4308 so
490 4255 567 4306 weiss
591 4254 635 4306 ieh
653 4253 707 4304 mir
745 4258 880 4324 prodens:
907 4258 1066 4306 eatstimarm
1094 4256 1200 4322 quidem
1222 4280 1224 4298 ι

122 4340 182 4392 dies
201 4340 279 4392 nicht
298 4358 330 4392 zu
348 4339 475 4392 erkliireu
494 4337 585 4403 (daja
603 4338 708 4389 selant
747 4360 794 4408 per
820 4351 910 4391 auctor
927 4341 981 4390 otii.
999 4366 1033 4376 —
1051 4356 1102 4389 nec
1125 4349 1149 4390 te
1167 4339 1224 4389 otia

124 4427 216 4478 daven
241 4424 411 4491 gesproohen
439 4423 528 4489 wird).
545 4450 578 4459 -
601 4420 706 4489 liquido]
749 4443 793 4493 ep.
811 4427 868 4487 114,
885 4427 910 4477 3.

92 4529 151 4565 au
170 4526 216 4579 ep.
236 4511 278 4579 66,
298 4513 320 4564 1.
338 4527 457 4580 -quoe
483 4508 625 4578 &sendum
638 4502 713 4575 peril
