2602 4890
411 204 456 259 Ad
473 203 538 258 fam.
556 202 588 270 V,
607 207 646 257 12.
1068 207 1127 268 143

55 372 168 437 talium
184 370 388 435 mediocriter
404 391 463 435 nos
476 371 594 435 retinet
606 373 699 453 quasi
709 372 947 437 enumeratione
956 373 1127 437 t'astorum:

61 494 158 555 saepe
179 470 363 536 excellentis
386 471 541 552 ancipites
563 471 708 553 variique
730 491 823 536 casus
844 470 968 537 habent
989 472 1128 537 admira·

68 571 352 654 exspectationem,
383 570 543 635 laetitiam
574 569 764 650 molestiam,
795 591 884 654 spem
914 571 1079 650 timorem3
1102 574 1129 638 si

55 677 114 738 itu
144 671 284 736 notabili
305 670 552 748 concluduntur,
582 669 730 752 expletur
752 671 878 736 animus
900 672 1130 738 iucundissima

55 797 65 839 s
89 772 265 854 voluptate.
300 769 371 846 Quo
390 771 470 834 mihi
487 770 637 835 acciderit
656 771 809 853 optatius,
830 772 908 836 siin
926 773 1130 838 hacsenten-
1155 785 1172 837 6

55 876 97 953 is,
132 880 169 937 ut
192 894 212 936 a
233 873 474 937 continentibus
493 871 558 936 tuis
580 875 718 955 scriptis,
748 873 781 936 in
803 872 921 956 quibus
943 880 1130 955 perpetuam

55 982 203 1051 :astarum
215 973 385 1037 historiam
394 971 625 1053 complecteris,
637 992 782 1037 secernas
792 973 876 1037 hanc
887 973 1131 1055 quasifabulam

55 1082 306 1153 eventorumque
329 1078 533 1148 nostrorum3
555 1070 655 1135 habet
677 1071 762 1135 enim
784 1073 889 1137 varios
912 1080 1004 1137 actus
1025 1080 1131 1138 muta·

55 1196 90 1238 ne
111 1180 144 1236 et
166 1172 373 1237 consiliorum
395 1178 428 1236 et
449 1177 641 1253 temporum.

80 1294 145 1337 non
174 1293 295 1349 vereor,
326 1293 366 1335 ne
396 1271 671 1337 assentatiuncula
701 1271 840 1353 quadam
864 1273 1019 1355 aucupari
1041 1281 1133 1338 tuam

55 1398 62 1436 ι
86 1372 209 1448 videar,
228 1392 300 1436 cum
321 1373 382 1436 hoc
399 1372 624 1449 demonstrem,
647 1392 698 1435 me
716 1392 736 1435 a
754 1380 786 1436 te
803 1373 1006 1454 potissimum
1024 1376 1134 1439 ornari

55 1476 142 1555 :ique
164 1471 263 1550 velle3
290 1493 395 1554 neque
417 1473 500 1536 enim
522 1473 608 1536 tuis
631 1492 675 1550 es,
697 1473 761 1554 qui,
783 1473 861 1554 quid
883 1474 935 1550 sis,
957 1475 1079 1539 nescias
1103 1481 1135 1538 et

55 1597 65 1637 1
89 1595 143 1639 eos
161 1573 271 1655 magis,
294 1574 351 1655 qui
369 1579 401 1637 te
419 1592 484 1637 non
502 1572 713 1651 admirentur,
734 1572 858 1638 invidos
876 1595 973 1656 quam
991 1595 1055 1654 eos,
1078 1575 1136 1657 qui

55 1719 66 1754 ,
90 1681 303 1739 assentatores
325 1672 492 1751 arbitrere,
513 1694 617 1755 neque
637 1680 746 1737 autem
764 1694 822 1756 ego
839 1695 911 1738 sum
929 1674 976 1739 ita
993 1676 1135 1755 demens,

63 1775 278 1857 sempiternae
300 1774 422 1856 gloriae
443 1795 500 1857 per
524 1795 597 1838 eum
619 1775 836 1839 commendari
859 1775 961 1853 velim,
991 1776 1134 1858 quinon

55 1896 153 1958 ioque
174 1878 207 1939 in
230 1898 279 1941 me
300 1875 552 1941 commendando
573 1876 741 1959 propriam
762 1877 883 1958 ingenii
904 1877 1041 1958 gloriam
1063 1897 1136 1941 con-

55 1998 89 2040 tr.
132 1974 243 2058 Neque
273 1978 357 2040 euim
380 1975 560 2041 Alexander
589 1976 646 2040 ille
676 1977 802 2058 gratiae
832 1996 931 2041 causa
962 1978 1004 2041 ab
1025 1977 1137 2060 Apelle
1162 1992 1179 2043 7

55 2098 132 2140 num
161 2077 251 2159 pingi
282 2085 314 2140 et
344 2076 525 2160 aLysippo
548 2075 628 2158 fingi
649 2076 789 2155 volebat,
822 2076 877 2140 sed
899 2076 983 2159 quod
1006 2077 1138 2143 illorum

55 2200 125 2242 cum
146 2178 224 2260 ipsis
244 2184 315 2240 tum
336 2177 435 2241 etiam
457 2177 517 2241 sibi
539 2177 662 2258 gloriae
683 2175 752 2242 fore
780 2178 927 2260 putabat.
961 2180 1067 2261 Atque
1088 2179 1136 2243 illi

55 2301 66 2342 s
98 2281 240 2361 corporis
270 2277 440 2342 simulacra
471 2278 590 2358 ignotis
622 2284 702 2343 nota
728 2278 900 2357 faciebant,
935 2300 1018 2362 quae
1039 2280 1088 2344 vel
1110 2282 1136 2343 si

54 2380 115 2457 int,
138 2377 239 2441 nihilo
261 2378 326 2441 sint
347 2386 456 2442 tamen
475 2377 676 2441 obscuriores
695 2377 774 2442 clari
791 2377 869 2456 viri3
891 2400 950 2443 nec
967 2380 1072 2444 minus
1090 2389 1138 2444 est

55 2489 112 2544 ates
136 2478 303 2560 Agesilaus
332 2477 385 2541 ille
415 2476 648 2560 perhibendus,
680 2477 739 2559 qui
767 2499 870 2563 neque
892 2479 1013 2562 pictam
1034 2501 1138 2563 neque

66 2581 237 2662 imaginem
269 2599 361 2643 suam
391 2599 503 2661 passus
525 2585 674 2658 estesse,
707 2599 806 2661 quam
833 2581 888 2662 qui
910 2581 943 2643 in
966 2601 1004 2645 eo
1025 2601 1139 2662 genere

55 2929 96 2982 ch
114 2929 158 2983 die
176 2928 345 2983 rhetorische
364 2926 446 2982 Form
465 2929 514 2983 der
558 2930 623 2984 oder
631 2930 703 2983 ohne
713 2929 790 2983 Bild:
803 2930 849 2983 die
857 2929 1076 3000 denkwiirdigen
1087 2929 1141 2983 Ab·

55 3018 71 3065 o
99 3014 152 3066 mit
172 3015 263 3066 etenim
279 3010 417 3080 (hitutiger
433 3031 514 3064 ama:
558 3012 680 3066 schnitte
698 3030 751 3067 von
769 3013 876 3067 Ciceros
894 3014 996 3068 Loben.
1022 3041 1056 3051 —
1081 3015 1143 3081 qaid

65 3096 153 3150 Schol.
172 3096 233 3150 Lat.
252 3095 281 3160 1,
307 3096 358 3163 32).
376 3125 410 3135 —
431 3117 515 3151 enam
558 3094 603 3163 aie]
620 3115 654 3149 zu
672 3114 715 3164 ep.
733 3098 782 3163 22,
799 3099 823 3149 2.
840 3126 874 3134 -
890 3117 971 3166 neque
987 3095 1142 3166 autemepo]

55 3179 69 3247 t]
93 3181 143 3232 wir
161 3179 295 3247 sprechen
314 3196 368 3233 von
386 3181 516 3237 Tabellen
558 3178 715 3246 antapricht
733 3179 796 3233 dem
813 3199 893 3248 aequa
910 3184 978 3234 enim
995 3192 1031 3234 ru.

55 3262 226 3316 brenzahlen.
252 3291 285 3300 -
311 3275 338 3316 at
364 3267 416 3317 viri
441 3284 517 3332 saepe
592 3268 616 3317 7.
619 3261 698 3331 fingi]
708 3279 761 3316 von
771 3264 938 3330 plastischer
947 3253 1158 3333 Darstellung3¹

55 3345 135 3414 ie...]
153 3367 186 3389 =
203 3351 386 3415 occoeperat
397 3352 518 3402 eoecellen·
556 3349 632 3415 pinpr'
642 3386 664 3399 ..
679 3387 685 3399 .
697 3348 766 3413 finpi
783 3346 867 3400 sehon
884 3348 1070 3415 plentinische
1080 3351 1145 3404 Ver·

55 3448 83 3485 er
100 3431 144 3484 die
154 3429 294 3499 Wirkung
311 3432 360 3486 der
376 3431 518 3484 Einschie·
559 3430 701 3499 bindung:
712 3430 791 3484 Asin.
802 3435 863 3485 174:
881 3451 961 3500 aeque
968 3434 1056 3498 Mum
1066 3452 1145 3501 neque

55 3534 92 3569 on
112 3533 187 3582 saepe
205 3514 262 3567 oud
279 3516 396 3568 anderer
413 3515 518 3568 Adver·
556 3517 655 3582 pletum
666 3519 884 3583 nequeeaiptam.
919 3515 977 3569 Zur
987 3516 1074 3571 Sache
1088 3518 1144 3587 vgl.

55 3599 165 3653 vischen
195 3599 240 3652 die
268 3598 444 3665 syntaktisch
475 3615 518 3650 zu·
560 3599 626 3652 Hor.
644 3601 725 3666 epist.
744 3599 786 3666 ll,
815 3603 842 3666 1,
863 3601 912 3652 239
924 3600 952 3653 ff.
972 3628 1000 3637 —
1020 3600 1107 3670 aque]
1124 3619 1145 3655 s.

55 3682 238 3752 igehb'renden
256 3681 353 3736 Worte
371 3701 391 3735 s.
410 3682 465 3734 PA.
483 3681 519 3747 11,
561 3682 680 3751 Seyffert
697 3682 784 3736 Sohol.
802 3683 865 3737 Lat.
883 3684 905 3749 I,
923 3687 979 3738 199.
995 3712 1028 3722 -
1044 3684 1145 3753 ipnotia]

55 3765 182 3835 -Aaheva]
201 3783 254 3820 von
266 3765 521 3836 derbegleitenden
563 3769 593 3820 in
610 3766 735 3822 aktivem
752 3766 853 3821 Sinna:
870 3767 940 3837 Niig.
959 3766 998 3820 St.
1015 3772 1058 3834 77,
1077 3773 1146 3820 1.-

61 3852 95 3904 de
122 3867 200 3919 prov.
218 3867 290 3904 cons.
307 3853 339 3904 9:
365 3851 459 3903 danda
475 3850 522 3900 ad·
563 3854 593 3903 ia
610 3869 637 3904 eo
652 3850 751 3918 qaaere]
779 3852 901 3905 nilmlich
928 3851 991 3904 dass
1018 3852 1063 3904 ein
1085 3851 1147 3904 Bild

55 3938 78 3986 Cn
95 3936 202 4002 Syriam
214 3937 317 4001 primus
333 3936 461 4002 equitatus
476 3935 522 3984 to·
564 3951 619 3987 von
644 3934 729 3988 ihnen
755 3934 916 3988 verbanden
938 3937 1028 3987 witra:
1053 3953 1088 3986 zu
1104 3951 1148 4002 sp.

55 4021 144 4070 ritum.
179 4017 420 4086 Neg.St.110‚1.
446 4004 523 4071 Uber
563 4019 597 4082 6,
618 4020 642 4070 6.
657 4049 689 4058 -
703 4017 885 4086 perhibenda]
904 4039 936 4062 =
953 4036 1150 4070 commemoran-

55 4100 218 4169 eiteiligkeit
244 4100 292 4153 der
309 4100 424 4154 Perinde
442 4100 523 4153 eben·
564 4103 615 4153 due
640 4101 678 4154 ist
699 4101 882 4168 dichterisch3
908 4101 979 4155 auch
997 4102 1046 4156 das
1066 4118 1151 4170 unge·

55 4188 71 4236 4
87 4185 105 4236 f.
137 4182 145 4198 ⁶
564 4183 718 4238 wbhnliohe
735 4185 879 4251 Spartiates
893 4188 1027 4253 Aperitaus
1044 4188 1088 4238 ille
1105 4185 1151 4239 liir

55 4271 87 4319 eei
99 4271 223 4335 fabulam
234 4308 240 4319 .
250 4307 257 4320 .
267 4265 286 4335 .]
304 4268 397 4320 maine
414 4266 523 4320 Thaten
565 4268 709 4335 Spartiates
723 4270 767 4322 ille
776 4271 909 4336 Agesilaus
926 4269 964 4322 ist
974 4269 1152 4336 bedenklicb3

54 4351 174 4406 hicksale
200 4353 252 4406 wie
278 4352 324 4405 ein
342 4354 445 4404 mama
471 4351 524 4403 mit
565 4350 692 4405 Wolfflin
717 4357 874 4407 vermutet:
910 4355 1043 4421 Agesilaus
1059 4356 1152 4407 celeber

55 4437 123 4502 ion,
140 4435 369 4503 Verwickelung,
395 4435 524 4505 Lbsung3
565 4437 713 4498 saraam
748 4435 961 4490 Mendalssohn:
995 4438 1082 4488 minae
1113 4456 1154 4489 eu·

55 4520 101 4573 ind
126 4519 172 4573 die
189 4519 315 4588 Anfziige
333 4518 380 4573 des
398 4518 524 4587 Dromas,
563 4529 661 4588 paretes
678 4522 816 4590 Apeeiluae
839 4524 885 4577 ace
904 4524 998 4591 pedm
1021 4519 1179 4575 sennam
