2602 4890
171 191 232 257 292
605 184 729 241 11111111.
746 182 820 255 VIII,
837 189 868 241 11
885 184 919 240 D.
1252 183 1297 256 [Ε]

170 372 357 439 consulatus
378 377 488 437 tamen
515 369 598 436 alter
628 374 661 435 et
689 367 874 452 triumphus
902 366 1121 450 amplissimus
1152 368 1297 437 deferebu

171 473 336 539 subicerer
357 470 475 537 eisdem
495 469 658 554 procellis,
687 475 725 535 ut
746 489 819 534 mea
839 488 977 552 persona
999 488 1124 553 semper
1145 468 1190 535 ad
1210 470 1297 555 impr

171 595 244 639 rum
266 573 383 639 civium
406 572 546 656 impetus
577 570 700 655 aliquid
726 570 888 634 videretur
918 568 1038 635 habere
1063 571 1241 654 populare:
1272 595 1294 637 n

170 673 251 739 haec
270 693 335 739 non
357 693 415 755 ego
436 671 526 756 prius
543 691 613 735 sum
631 670 822 753 suspicatus,
843 690 943 753 quam
960 670 1039 734 mihi
1055 671 1166 755 palam
1183 673 1297 738 denum

17 844 21 853 ,
171 778 256 854 sunt,
289 793 392 857 neque
421 793 459 839 ea
484 778 552 837 tam
578 771 740 855 pertimui,
772 772 799 836 si
819 770 988 837 subeunda
1008 778 1124 853 essent,
1157 777 1297 857 quamd

24 860 28 867 ’
129 873 278 938 ananda
307 872 429 957 putavi,
459 873 488 937 si
517 870 650 937 honeste
679 872 782 938 vitare
812 892 946 955 possem.
997 871 1101 949 Quam
1130 874 1261 941 brevem
1289 879 1298 942 i

171 975 334 1057 temporis,
365 973 443 1038 dum
463 974 496 1037 in
522 994 578 1056 spe
598 993 663 1056 pax
684 972 757 1052 fuit,
787 972 945 1039 rationem
967 979 1112 1040 nostram
1132 976 1230 1057 vides,
1261 984 1297 1046 re

171 1073 360 1139 facultatem
381 1094 432 1138 res
454 1074 583 1142 ademit.
624 1072 669 1137 Iis
690 1078 808 1152 autem,
836 1073 955 1157 quibus
976 1075 1143 1140 nonsatis
1165 1077 1260 1160 facio,
1282 1082 1297 1145 l

170 1173 366 1258 respondeo:
388 1173 592 1256 nequeenim
610 1193 669 1256 ego
689 1172 822 1238 amicior
839 1171 872 1238 C.
890 1171 1022 1238 Caesari
1038 1195 1192 1258 umquam
1211 1178 1260 1243 fui
1276 1201 1298 1264 q

171 1274 229 1354 illi,
264 1295 369 1358 neque
398 1274 447 1337 illi
469 1273 637 1338 amiciores
658 1272 873 1356 reipublicae
894 1294 993 1356 quam
1015 1294 1081 1356 ego.
1125 1276 1196 1342 Hoc
1219 1278 1297 1346 inter

172 1382 206 1441 et
235 1374 309 1440 illos
338 1375 480 1456 interest,
512 1373 608 1458 quod,
641 1394 713 1438 cum
744 1377 776 1439 et
801 1373 851 1438 illi
872 1374 955 1439 cives
976 1376 1088 1458 optimi
1110 1377 1177 1442 sint
1199 1385 1233 1444 et
1254 1401 1297 1463 egl

170 1475 235 1539 ista
255 1473 351 1539 laude
372 1495 436 1540 non
459 1474 572 1553 absim,
595 1494 654 1557 ego
676 1473 926 1554 condicionibus,
949 1475 1037 1558 quod
1054 1476 1139 1541 idem
1157 1483 1192 1543 te
1208 1480 1297 1546 intell

171 1594 241 1639 ram
271 1574 361 1654 velle,
392 1573 441 1637 illi
464 1573 561 1638 armis
582 1572 756 1655 disceptari
776 1572 977 1653 maluerunt3
1007 1596 1092 1659 quae
1112 1579 1270 1660 quoniam
1289 1604 1297 1647 1

171 1672 258 1753 vicit,
280 1673 442 1757 perficiam
463 1674 616 1756 profecto,
637 1676 676 1738 ut
692 1693 796 1757 neque
813 1694 863 1739 res
882 1674 1016 1758 publica
1032 1677 1108 1742 civis
1125 1698 1146 1742 a
1163 1699 1215 1744 me
1233 1682 1297 1746 aniz

172 1793 274 1857 neque
295 1778 332 1837 tu
354 1773 448 1837 amici
469 1771 635 1836 desideres.

175 2077 263 2131 hitto.
280 2105 314 2115 -
331 2079 478 2130 mazaca
502 2085 588 2127 tamen
614 2077 679 2128 ulter
697 2114 703 2128 .
722 2113 754 2129 ..
797 2072 870 2142 sona]
888 2077 960 2129 etwa
976 2076 1029 2130 ‘ich
1054 2079 1108 2131 mit
1133 2079 1242 2134 msiner
1259 2081 1297 2136 Ve:

174 2159 346 2229 deferebatur]
364 2176 418 2214 von
435 2175 516 2222 wem,
538 2158 608 2212 wird
633 2158 754 2213 absicht-
797 2157 930 2226 gonheit’:
942 2176 1139 2227 „personam
1150 2163 1207 2217 den
1216 2164 1297 2218 Chare

174 2243 229 2298 lich
245 2243 459 2313 verschwiegen,
471 2243 601 2297 wodurch
615 2244 660 2297 die
673 2242 755 2299 Wen·
796 2241 911 2296 masken
928 2242 978 2296 der
986 2241 1082 2299 Biihne
1094 2247 1234 2313 entlehut,
1251 2249 1288 2302 ist

175 2326 252 2395 dung
277 2344 324 2380 um
350 2344 380 2381 so
406 2325 566 2380 baissender
588 2327 673 2380 wird:
700 2327 754 2382 den
797 2325 846 2379 das
872 2325 1003 2380 deutsche
1020 2326 1139 2382 ‘Person’
1156 2330 1187 2383 in
1214 2332 1297 2387 demi

175 2408 312 2463 Schliissel
329 2410 408 2478 giebt
426 2413 486 2463 Att.
504 2409 578 2476 VIII,
596 2413 635 2476 12,
653 2413 680 2464 2:
696 2421 751 2479 poet
797 2424 852 2461 von
887 2408 1083 2465 ‘Indiuiduum’
1117 2411 1228 2482 (Ιιονηο),
1260 2434 1297 2471 sou

175 2495 331 2546 madianaea
339 2495 412 2561 pacis
419 2511 467 2560 per
480 2494 512 2545 L.
526 2494 755 2547 GaesaremetFa·
797 2491 900 2546 nimmt
924 2494 1025 2548 immer
1051 2496 1100 2549 auf
1124 2498 1170 2552 die
1196 2499 1297 2570 Eigens

175 2579 262 2629 butum
272 2579 607 2644 allatorouoi,neunimum
616 2580 755 2644 eiueoffcn-
798 2573 1036 2643 (Indiuidualititt)
1054 2580 1180 2634 oderanf
1188 2582 1235 2638 die
1251 2587 1297 2638 iius

175 2661 269 2727 decern,
279 2661 466 2727 ruiPcmpeius
473 2661 527 2711 ium
541 2671 657 2713 mutus
670 2679 755 2714 armo
797 2658 989 2715 Verha'ltnisse
998 2663 1046 2717 des
1055 2663 1183 2733 Standes,
1199 2666 1297 2737 Range

175 2754 200 2796 tc
217 2748 376 2797 amulorum
401 2744 608 2811 triumphumque
635 2746 755 2811 deferret.
799 2743 1217 2817 Amtes(0harakterl,anldas,
1231 2767 1286 2804 was

179 2827 236 2895 „Im
263 2828 378 2882 tiefsten
401 2825 514 2880 Winkel
541 2828 615 2880 ihres
633 2827 755 2882 Heraens
798 2826 845 2893 ist,
871 2828 1001 2881 vorstellt
1033 2830 1101 2883 oder
1134 2833 1284 2887 vorstellen

176 2911 360 2980 argwiihnten
386 2911 430 2966 die
448 2912 665 2981 Republikaner,
692 2910 755 2964 dass
798 2908 1295 2980 Riioksicht.“Seyffert-MiillerLael

176 2994 222 3048 die
247 2994 345 3048 beiden
363 2993 548 3049 Machthaber
572 2997 657 3048 unier
680 2993 757 3048 einer
799 2991 859 3046 Den
887 2981 1039 3064 I'ibergang
1069 3013 1118 3050 aus
1149 2998 1202 3051 der
1231 3017 1297 3067 ursp

176 3076 266 3132 Deoke
283 3079 401 3146 spielten
427 3078 496 3132 oder
512 3077 679 3146 wenigstens
697 3077 756 3130 sich
799 3075 891 3130 lichen
908 3077 1074 3148 Bedeutung
1091 3080 1190 3150 zeigen
1208 3081 1295 3136 Stella

177 3161 375 3229 verstiindigen
393 3162 506 3216 wiirden
526 3203 532 3216 .
551 3203 557 3215 .
576 3202 582 3215 .
608 3161 666 3215 Der
682 3163 754 3230 Arg·
799 3159 864 3214 fam.
883 3160 1217 3228 v11‚3e,2:muienim
1240 3167 1297 3218 iudi

176 3244 258 3298 wohn
284 3245 391 3298 erlrlirt
422 3247 479 3298 und
505 3244 686 3313 rechtfertigt
712 3245 758 3299 die
800 3253 842 3309 ert,
861 3245 884 3296 ei
909 3245 983 3297 modo
1008 3247 1055 3298 lior
1076 3247 1173 3299 Ouarar
1200 3258 1247 3300 usar
1264 3268 1297 3317 pu

177 3327 379 3380 schwankende
397 3327 533 3396 Haltung,
552 3329 597 3382 die
615 3327 708 3381 Cicero
726 3328 756 3381 in
799 3336 846 3379 aut
861 3330 933 3392 colet,
950 3328 1226 3395 deponereillams'am
1234 3351 1297 3400 pere

177 3410 271 3463 diesen
282 3410 415 3464 Monaten
424 3410 587 3465 beobachtet
605 3410 662 3463 hat.
689 3410 756 3464 Mun
798 3411 827 3462 iu
843 3428 896 3478 qao
912 3429 1033 3477 mescepe
1049 3413 1268 3481 illis'priprooaoi
1281 3416 1297 3482 (1

177 3493 256 3547 welle
285 3492 364 3546 nicht
388 3510 547 3562 vergessen,
584 3494 647 3547 dass
673 3493 757 3548 Cicer
798 3493 963 3563 Thiitigksit
989 3495 1029 3549 als
1047 3495 1180 3565 Redner),
1198 3517 1230 3550 ac
1246 3518 1285 3552 mc

178 3575 248 3629 noch
274 3593 324 3630 vor
349 3576 527 3630 Brundisium
553 3578 678 3631 zweimal
703 3577 757 3630 mit
797 3579 829 3630 in
857 3579 955 3631 litterar
986 3581 1084 3633 abdera
1127 3579 1190 3649 vgl.
1216 3599 1260 3650 ep.
1283 3587 1297 3637 7

178 3657 529 3726 Pompejnsanzulmiipfsn
539 3663 670 3716 versucht
682 3660 757 3715 hat“.
801 3663 857 3728 103,
875 3664 915 3716 10.
932 3691 966 3700 -
982 3664 1083 3730 aliquid
1150 3664 1288 3734 populare]

178 3741 286 3797 Nissen.
309 3771 342 3783 -
368 3744 491 3796 subicerer
516 3747 609 3798 οἱεῶθπι
629 3743 756 3814 procellis]
799 3744 851 3798 wie
884 3761 927 3813 ep.
964 3749 1005 3813 67,
1035 3747 1060 3800 5.
1088 3775 1120 3784 -
1152 3748 1297 3801 denuntiate

179 3824 269 3880 Schon
294 3826 439 3879 Manutius
467 3825 596 3882 bemerlct
623 3829 756 3884 treffend:
800 3845 844 3895 ep.
864 3832 945 3897 11,1.

179 3912 261 3963 Notat
279 3920 365 3962 uatem
375 3912 627 3979 lutecoerperfidicm
635 3915 758 3981 Pompeii,

180 3995 254 4045 cuiue
276 3995 306 4045 iu
331 3994 446 4046 micitia
470 3996 524 4046 ium
550 4005 608 4049 aute
629 3996 758 4049 Clodianis
832 4000 857 4051 8.
874 3996 955 4061 videa]
974 3995 1025 4051 wls
1042 4000 1297 4054 concuteremus

180 4078 332 4142 temporibus
336 4094 438 4144 porum
448 4087 560 4131 remanat
568 4097 618 4133 case
623 4083 757 4147 praesidii.
800 4084 824 4135 6.
841 4108 874 4118 -
891 4079 997 4149 reliqui]
1016 4081 1155 4148 caperata
1167 4101 1235 4149 pace
1251 4103 1293 4136 cur

180 4186 214 4196 -
230 4157 269 4227 ut]
288 4158 469 4214 konsekutiv:
487 4160 526 4214 ‘so
543 4161 607 4214 dass
624 4163 694 4217 sein
708 4162 758 4216 der
798 4182 851 4216 non
868 4166 998 4226 aenaim
1026 4183 1081 4217 nou
1106 4169 1175 4218 enim
1203 4169 1285 4219 licuit:

180 4239 255 4295 That
271 4243 325 4296 den
343 4244 483 4300 Auschein
501 4244 568 4300 hut'.
580 4275 611 4284 -
628 4263 685 4298 mac
696 4263 756 4312 pcr-
797 4249 1297 4315 iouipsuepistulaiumostondit.llent
