2602 4890
55 202 70 273 ‚J
441 202 486 257 Ad
502 202 568 257 fam.
585 202 617 271 V,
634 206 659 258 2,
1111 208 1149 271 61

55 389 67 432 n
88 370 254 435 consulatu
277 389 341 433 non
363 388 439 434 casu
460 369 569 452 potius
594 369 792 434 existimaret
814 390 911 453 quam
935 370 1066 436 oonsilio
1088 371 1153 437 for·

55 469 164 533 hisee?
205 468 295 534 Haec
316 467 343 532 si
364 475 402 533 tu
423 468 588 534 Metellum
609 470 754 553 cogitare
772 470 811 535 de
828 491 879 534 me
896 471 1033 549 nescisti,
1056 471 1152 536 debes
1178 478 1200 531 9

55 590 138 633 mare
160 575 192 634 te
213 569 361 633 maximis
382 569 421 634 de
443 569 541 635 rebus
558 591 579 635 a
595 570 698 636 fratre
716 591 783 636 esse
801 570 958 635 celatum:
976 572 1026 636 sin
1044 577 1152 637 autem

58 670 79 734 d
100 669 278 752 impertivit
299 668 360 733 tibi
380 669 430 733 sui
452 669 588 751 consilii,
609 669 690 734 lenis
712 690 732 735 a
753 675 786 734 te
807 675 839 734 et
856 670 960 735 facilis
976 671 1153 736 existimari

55 818 62 848 ,
91 769 148 852 qui
169 768 251 833 nihil
279 774 387 833 tecum
417 767 456 833 de
485 768 536 833 his
565 770 643 852 ipsis
673 769 771 835 robus
801 770 1008 852 expostulem.
1052 771 1096 836 Et
1126 772 1152 836 si

55 870 111 952 >gis
131 891 196 936 non
217 891 268 934 me
290 869 377 934 dicto
399 869 531 951 Metelli,
555 877 591 935 ut
613 870 736 949 scribis,
759 870 815 935 sed
836 871 971 936 consilio
993 873 1061 937 eius
1083 872 1152 937 ani-

55 991 64 1034 e
86 971 121 1034 in
138 990 190 1034 me
208 969 427 1034 inimicissimo
447 990 513 1035 esse
532 978 739 1050 commotum,
762 991 917 1054 cognosce
935 991 1020 1035 nuno
1037 971 1151 1036 huma-

56 1094 89 1136 m
110 1091 224 1151 meam,
248 1071 275 1135 si
296 1071 481 1136 humanitas
503 1071 696 1154 appellanda
717 1078 766 1137 est
786 1073 819 1136 in
843 1072 1049 1138 acerbissima
1069 1072 1152 1137 iniu-

55 1172 168 1236 missio
191 1170 290 1235 animi
319 1191 357 1235 ac
387 1170 575 1237 dissolutio:
603 1171 695 1237 nulla
725 1177 773 1237 est
794 1193 815 1238 a
834 1194 886 1237 me
907 1193 1061 1256 umquam
1083 1192 1152 1236 sen·

72 1273 165 1336 diota
186 1269 219 1334 in
240 1271 374 1335 fratrem
391 1276 503 1335 tuum:
526 1271 810 1354 quotienscumque
828 1271 951 1355 aliquid
968 1277 1017 1336 ost
1034 1278 1152 1350 actum,

55 1373 124 1437 siis
147 1372 277 1452 assensi,
311 1370 368 1453 qui
399 1371 480 1435 mihi
501 1371 661 1436 lenissime
682 1373 800 1437 sentire
821 1373 880 1437 visi
901 1377 985 1440 sunt.
1026 1371 1152 1437 Addam

58 1473 168 1552 etiam,
200 1473 287 1555 quod
315 1472 380 1536 iam
410 1492 470 1554 ego
500 1493 613 1537 curare
642 1494 708 1538 non
739 1472 845 1553 debui,
872 1474 929 1538 sed
950 1480 1060 1539 tamen
1083 1472 1152 1538 fieri

55 1572 172 1638 noleste
193 1572 254 1636 tuli
277 1578 376 1655 atque
396 1575 494 1638 otiam
516 1577 554 1636 ut
575 1573 623 1638 ita
643 1573 733 1638 ficret
754 1594 813 1656 pro
836 1595 907 1640 mea
924 1580 1016 1658 parte
1033 1575 1156 1651 adiuvi,¹

55 1674 114 1738 lati
136 1672 283 1737 consulto
305 1692 394 1737 meus
415 1672 574 1751 inimicus
604 1674 683 1756 quia
708 1679 785 1738 tuus
808 1674 909 1739 frater
935 1680 1015 1755 erat,
1045 1674 1157 1739 suble-

55 1795 88 1839 ir.

55 2075 146 2128 danke
172 2073 364 2128 vorschwebt:
391 2091 449 2127 nun
471 2090 529 2125 war
568 2076 656 2141 quood,
673 2076 770 2129 aed...
787 2105 821 2115 —
837 2074 935 2144 cedem]
945 2075 983 2128 im
993 2075 1077 2130 Sonat
1086 2079 1158 2131 mel--

55 2158 166 2212 Geduld
192 2176 226 2210 zu
242 2157 330 2211 Ende.
364 2157 474 2210 Ebenso
491 2156 529 2209 ist
571 2156 619 2210 det
637 2174 702 2210 man
720 2158 778 2212 sich
805 2158 882 2212 nicht
904 2175 966 2212 zum
985 2157 1073 2225 Wort,
1091 2177 1152 2213 son·

55 2245 74 2294 a·
92 2240 325 2308 bedeutungsvoll
342 2240 400 2293 und
410 2240 530 2293 absicht·
571 2240 641 2294 dern
659 2259 687 2294 es
704 2241 775 2295 wind
793 2240 928 2310 Umfragc
946 2241 1076 2310 gehalten
1091 2242 1152 2311 (dic,

55 2343 95 2379 em
121 2327 321 2377 circumventum
346 2324 376 2377 in
393 2324 529 2378 Metellus’
571 2326 608 2376 M.
631 2325 719 2377 Tulli:
738 2328 799 2379 Att.
819 2325 879 2394 Vll,
897 2328 922 2393 3,
938 2326 975 2395 5);
994 2343 1059 2379 man
1074 2327 1151 2381 kann

57 2411 315 2477 entgegengesetzt.
338 2436 362 2448 -
383 2412 415 2462 A.
433 2404 529 2473 affl]
572 2426 631 2461 nun
650 2408 793 2463 entweder
810 2409 920 2463 cinfaoh
937 2409 1074 2475 erkl'dren,
1085 2428 1152 2464 man

55 2491 94 2558 LV,
111 2492 186 2544 denn
203 2492 256 2545 alle
273 2490 349 2560 Tage
374 2492 446 2546 nach
467 2493 529 2548 Kal.
571 2492 684 2546 stimme
705 2492 750 2545 fiir
776 2493 822 2545 ein
849 2508 903 2546 von
930 2493 1019 2547 ciuem
1046 2494 1154 2549 andern

55 2577 76 2630 l.
95 2575 158 2629 sind
183 2577 242 2627 atri.
263 2603 291 2614 -
311 2594 385 2642 acere
402 2576 529 2646 coepisset]
571 2575 764 2646 abgcgebenes
773 2576 877 2631 Votum
895 2575 955 2645 (On.
969 2579 1089 2644 Pmnpeio
1106 2579 1157 2629 ad·

55 2663 130 2728 pulo,
148 2657 206 2711 und
223 2674 296 2712 zwar
313 2659 383 2713 iiber
399 2659 454 2714 den
472 2661 530 2714 ΑΕ.
571 2662 666 2713 cenom
683 2676 708 2714 a.
725 2677 749 2714 a.
767 2660 815 2728 0.;
832 2660 903 2714 Phil.
922 2660 980 2728 Vll,
997 2663 1030 2715 27
1040 2682 1046 2713 z
1063 2662 1153 2729 quibua

55 2742 158 2796 ihutcn
165 2740 449 2811 Gesetzesvorschlag.
467 2743 530 2798 Die·
571 2745 603 2796 dc
620 2746 695 2797 redae
710 2747 803 2812 resera,
820 2747 851 2798 P.
874 2744 982 2799 Smoilio
1004 2743 1157 2809 amacha),

55 2830 78 2880 ut
113 2825 174 2878 hier
200 2825 253 2879 Cic.
280 2825 445 2880 absichtlich
471 2845 531 2883 ver·
572 2829 648 2882 daun
666 2828 755 2882 bleibt
783 2845 848 2881 mon
872 2828 978 2890 sitzen;
1003 2827 1069 2880 oder
1086 2843 1153 2880 man

55 2927 112 2979 gen.
129 2939 162 2948 —
181 2927 261 2977 oeque
286 2912 450 2963 deliberatius
462 2910 529 2980 fuit]
572 2912 671 2966 erhebt
683 2912 750 2980 sich,
767 2930 814 2965 um
827 2928 891 2965 vom
899 2909 995 2964 Platae
1005 2927 1054 2963 aus
1066 2910 1153 2964 selbot

55 2999 114 3047 ster
131 2991 303 3060 Entschluss,
321 2994 400 3047 nicht
408 3010 531 3048 momen·
571 2997 652 3052 einen
670 3013 761 3050 neuen
778 2998 889 3064 Antrag
912 3011 945 3046 zu
971 2994 1070 3047 stellen
1087 2994 1160 3048 oden

55 3076 237 3147 ,rbitterunffi
254 3078 310 3145 vgl.
327 3079 390 3133 Ait.
398 3076 458 3145 XV,
471 3079 497 3145 5,
506 3080 530 3132 3.
571 3081 652 3136 einen
671 3080 755 3134 echon
777 3078 927 3146 gestollten
952 3077 1154 3133 ausfdhrlicher

55 3163 99 3214 icio
177 3159 352 3229 impressione]
379 3165 531 3230 urspring-
572 3182 606 3218 zu
623 3162 797 3217 boleuchten.
821 3160 891 3216 Dass
904 3163 962 3217 also
970 3162 1065 3217 cicero
1074 3161 1153 3217 nicht

55 3245 285 3298 nmilitiirisches
303 3244 403 3311 Wort3
424 3261 454 3300 os
471 3249 532 3299 ent-
572 3245 759 3315 eingohender
793 3246 912 3315 sproch,
949 3247 1068 3317 geschah
1103 3263 1159 3300 aus>

55 3346 84 3383 en
112 3329 187 3382 sich:
212 3331 309 3382 iudicio
325 3357 359 3366 -
375 3330 409 3395 oi,
434 3330 531 3397 diacop-
572 3330 721 3397 Schonung
754 3327 799 3382 fiir
832 3330 960 3385 Metellus
991 3331 1090 3399 Nepos.
1118 3360 1152 3369 —

58 3440 93 3450 -
109 3415 280 3481 impressione.
298 3412 354 3466 Fiir
363 3412 415 3466 den
425 3412 531 3481 Gegen·
571 3424 600 3466 ut
610 3453 616 3467 .
627 3453 633 3466 .
645 3412 849 3482 ‚sublevantud
859 3413 1021 3484 hingtvom
1028 3414 1151 3469 Verbum

55 3497 81 3563 sl.
100 3497 135 3549 de
152 3495 222 3550 offic.
231 3497 307 3563 1,34:
325 3515 389 3549 acm
405 3516 463 3550 cum
480 3500 530 3550 dut
570 3497 620 3552 des
637 3496 873 3552 Zwischeneatzcs
885 3503 948 3568 fieri
965 3499 1000 3553 ab
1012 3501 1151 3553 stattvon

55 3581 529 3650 madeccrtwndtunumperdiccep·
571 3582 671 3634 addam
688 3581 766 3643 illum
794 3581 919 3637 dadurch
945 3582 1008 3636 daeo
1026 3581 1080 3636 Cic.
1098 3581 1151 3635 den

55 3683 78 3729 o,
94 3666 208 3715 alterum
221 3681 271 3729 per
288 3665 348 3714 vim.
367 3691 395 3702 -
406 3682 459 3716 noa
469 3682 530 3716 casu
572 3663 637 3717 Satn
654 3664 755 3716 αάἀαοη
770 3666 840 3718 iliad
848 3666 1008 3721 relativisoh
1018 3666 1071 3719 mit
1084 3669 1156 3734 quod¹

70 3745 168 3813 (mehr
190 3745 277 3800 Gliick
303 3747 344 3798 als
371 3746 529 3815 Vorstand')
570 3748 614 3814 (=
631 3748 660 3798 id
675 3746 752 3815 quod)
778 3748 921 3816 fortliihrt‚
947 3751 1073 3804 entcteht
1090 3749 1151 3804 eine

54 3831 80 3882 ie
105 3845 134 3881 es
161 3829 277 3895 scheint‚
302 3829 361 3882 ihm
386 3830 460 3884 diter
485 3848 531 3899 ge·
571 3831 685 3900 gelinda
701 3830 902 3896 Anokoluthie,
927 3834 973 3887 die
990 3833 1077 3887 durch
1094 3834 1152 3886 An·

55 3911 221 3966 uVorwurf.
240 3912 266 3965 S.
275 3912 305 3965 in
322 3911 403 3968 Catil.
420 3915 469 3981 ΙΙΙ,
487 3917 528 3970 29.
572 3916 674 3970 nahme
692 3915 769 3969 einer
786 3914 1151 3970 Parenthescoedtamec...

67 3998 109 4064 20,
126 3998 159 4048 3:
176 4006 206 4048 ut
222 4015 275 4049 non
292 3999 485 4062 committamus,
502 4010 531 4052 ut
571 4002 661 4053 adieci
679 3997 758 4052 nicht
775 3999 899 4066 gehoben
914 4000 992 4054 wind.
1014 4000 1056 4052 lm
1068 3999 1156 4054 Dent·-

56 4081 214 4147 coenamus,
225 4082 447 4149 fonctionem
462 4085 530 4137 vide
571 4084 672 4138 schen:
690 4084 803 4136 dimidies
829 4081 902 4136 habe
925 4083 969 4137 ich
995 4100 1068 4137 zwan
1086 4103 1112 4138 u.
1130 4102 1152 4138 s.

571 4186 604 4222 w.
623 4195 654 4204 -
671 4164 894 4234 amoticoocalw]
912 4168 981 4221 viole
995 4167 1151 4223 U·st'a‘mme

55 4267 65 4299 ι
90 4256 176 4300 actem
202 4244 311 4316 aliquid]
338 4266 419 4304 wenn
445 4250 530 4305 iiber·
571 4251 645 4322 gehn
678 4252 718 4304 im
744 4250 977 4305 Altlateinischen
1011 4252 1050 4304 im
1084 4252 1153 4307 Gen.

70 4334 218 4383 elusa-
239 4349 292 4383 noa
315 4331 366 4401 me]
392 4333 460 4388 iiber
486 4334 530 4388 die
570 4334 648 4404 Sing.
665 4334 695 4387 in
714 4333 758 4387 die
776 4333 984 4388 Odeldination
1001 4333 1083 4388 iiber:
1097 4352 1152 4389 von

55 4430 79 4483 g
96 4415 145 4467 der
168 4413 305 4484 Negotion
332 4416 387 4485 vgl.
414 4418 468 4471 Ph.
495 4418 531 4485 11,
570 4429 675 4473 mutuo
704 4416 793 4470 findet
816 4417 874 4471 sich
910 4418 960 4471 auf
982 4418 1152 4472 Inechriften

86 4496 198 4552 Ebenoo
214 4498 304 4567 gleich
321 4519 375 4553 aon
392 4518 434 4568 eqo
450 4519 530 4569 oppa
570 4502 618 4558 des
634 4504 660 4556 7.
677 4500 887 4557 Jahrhundents
913 4501 1095 4573 genethlium
1113 4501 1165 4557 dio
