2602 4890
414 186 661 255 Adfam.v1,13.
1077 192 1145 267 349
1227 258 1232 269 ,

65 372 161 436 posse
189 352 334 419 dolorem
364 357 479 432 tuum3
508 360 624 438 postea
651 373 726 417 uero
755 373 856 436 quam
876 374 1027 438 magnam
1049 374 1140 438 spem

73 452 164 536 coepi
181 452 261 531 fore,
284 458 322 517 ut
343 455 379 517 te
395 451 485 518 brevi
503 458 647 535 tempore
664 452 857 517 incolumem
874 453 1074 532 haberemus,
1092 453 1140 519 fa-

55 575 85 618 m
101 555 205 638 potui,
226 554 306 638 quin
323 552 387 619 tibi
407 559 441 618 et
458 552 652 619 senteutiam
669 559 702 619 ct
720 553 919 621 voluntatem
942 554 1140 620 declararem

55 756 159 820 imum
180 754 281 837 igitur
302 752 450 834 scribam,
473 753 559 836 quod
577 753 730 837 intellego
748 760 781 820 et
797 754 963 838 perspicio,
986 776 1051 821 nou
1068 757 1138 822 fore
1164 770 1187 822 2

55 858 214 923 laesarem
236 853 418 932 duriorem
440 873 517 917 uam
537 858 571 918 et
591 874 643 921 res
663 875 735 919 eum
755 853 871 919 cotidie
888 860 920 919 et
938 854 1006 919 diee
1023 862 1055 919 et
1073 857 1139 939 opi·

55 958 175 1022 minum
198 961 243 1036 et,
266 961 305 1020 ut
326 954 407 1018 mihi
423 955 562 1034 videtur,
585 955 684 1021 etiam
702 975 762 1020 sua
778 963 898 1020 natura
914 955 1074 1020 mitiorem
1092 957 1140 1022 fa·

55 1079 112 1141 rue
133 1078 205 1122 cum
226 1055 266 1120 de
287 1054 420 1138 reliquie
440 1055 556 1133 sentio,
586 1059 656 1118 tum
678 1053 718 1120 dc
738 1060 770 1119 te
792 1054 889 1120 etiam
912 1055 1010 1120 audio
1031 1077 1069 1120 ex
1089 1056 1139 1121 fa·

55 1157 155 1222 §simis
185 1158 263 1236 eius,
295 1153 415 1239 quibus
445 1174 503 1236 ego
535 1175 575 1219 ex
604 1175 642 1221 eo
665 1159 822 1237 tempore,
854 1175 920 1238 quo
942 1156 1082 1237 primum
1101 1177 1141 1222 ex

68 1259 201 1322 nuntius
222 1255 319 1334 veuit,
350 1254 533 1338 supplicare
553 1276 620 1321 una
640 1275 714 1320 cum
735 1256 893 1321 fratribus
915 1257 980 1320 tuis
1001 1277 1065 1321 nou
1087 1256 1139 1322 de·

55 1379 180 1441 [uorum
201 1357 333 1442 quidem
354 1362 386 1422 et
407 1358 527 1421 virtute
549 1361 582 1421 et
603 1356 725 1440 pietate
746 1363 779 1422 et
800 1377 911 1422 amore
927 1357 961 1421 in
979 1363 1013 1422 te
1030 1357 1139 1440 singu-

55 1501 57 1519 .
89 1457 226 1523 adsidua
246 1464 281 1521 et
297 1464 456 1540 perpetua
477 1478 557 1522 cura
577 1457 692 1522 salutis
714 1463 790 1522 tuae
811 1462 940 1523 tautum
961 1458 1137 1541 proficitur,
1195 1500 1197 1507 ·

54 1560 65 1623 l
83 1559 135 1636 sit,
153 1557 239 1641 quod
258 1578 323 1622 nou
340 1558 446 1640 ipsum
465 1555 632 1622 Caesarem
650 1556 852 1622 tributurum
869 1555 1061 1636 existimem;
1080 1559 1135 1622 sed
1163 1565 1185 1618 a

55 1661 104 1723 iue
125 1658 173 1737 fit,
195 1678 293 1741 quam
315 1658 473 1737 volumus,
496 1657 622 1740 maguis
644 1656 910 1740 occupationibus
932 1657 1010 1736 eius,
1035 1678 1054 1722 a
1072 1679 1137 1741 quo

72 1764 234 1843 petuntur,
278 1756 386 1822 aditue
411 1757 453 1823 ad
484 1778 557 1822 eum
583 1755 780 1823 difficiliores
805 1756 946 1837 fuerunt,
982 1762 1015 1821 et
1043 1757 1139 1823 simul

55 2099 61 2132 ι
80 2080 176 2150 klagte
194 2080 224 2148 Q.
243 2081 351 2135 Tubero
368 2081 419 2134 der
436 2079 510 2133 Sohn
553 2079 632 2132 Brut.
648 2079 690 2144 11)
709 2080 767 2133 und
779 2096 837 2134 war
845 2080 987 2134 vielleicht
996 2081 1075 2133 einer
1083 2097 1138 2134 vou

55 2165 129 2218 arius
156 2182 205 2219 vor
222 2165 307 2218 Cicer
324 2182 369 2231 au,
395 2182 442 2218 um
460 2180 514 2218 we·
553 2162 1144 2232 denbeidenLigsriern‚diedeuProscrip·-

66 2247 512 2316 seineZuriickberufungzuver·
553 2247 649 2300 tioueu
667 2247 715 2300 des
733 2246 759 2300 J.
776 2250 809 2300 43
827 2265 889 2302 zum
908 2247 993 2315 Opfer
1010 2245 1100 2300 fieleu.

54 2333 120 2386 iiber
138 2332 244 2385 Ciceros
261 2330 337 2385 Rede
362 2331 428 2400 (vgl.
450 2331 511 2382 Act.
587 2334 610 2384 1.
628 2330 720 2383 Postea
737 2349 794 2384 cero
811 2330 899 2400 quom]
920 2332 972 2386 PA.
985 2331 1020 2397 ΙΙ,
1038 2333 1079 2398 50,
1097 2333 1141 2385 10.,

55 2456 61 2482 ,
88 2420 120 2482 23
148 2418 187 2482 19,
204 2415 239 2481 2),
265 2415 397 2483 gehelteu
423 2412 511 2465 wahr·
552 2412 590 2466 Ee
616 2413 688 2483 liegt
713 2414 850 2467 durchaus
868 2414 932 2467 keiu
955 2414 1053 2468 Grund
1079 2416 1149 2480 vor,.'

55 2500 81 2552 ch
91 2499 171 2553 Eudo
180 2501 221 2565 46,
231 2498 369 2552 beriohtet
377 2495 510 2550 Placete.
546 2487 752 2564 'anaunehmem
774 2513 803 2552 es
820 2498 859 2552 sei
884 2499 930 2551 eiu
948 2498 1053 2552 blosser
1070 2497 1138 2553 Vor-

55 2601 79 2636 se
101 2583 172 2637 nach
190 2582 239 2636 der
256 2580 417 2649 Erzbhlung
435 2579 510 2632 eines
552 2580 643 2645 ward,
668 2581 720 2634 wie
737 2581 797 2635 sich
814 2582 906 2636 Cicero
932 2598 1028 2651 wegen
1047 2581 1140 2636 seinse

55 2684 148 2736 rugen:
176 2670 297 2733 Λέγεται
320 2669 350 2719 δὲ
366 2671 413 2719 καὶ
429 2665 510 2719 Ηοίν-
552 2663 796 2719 Nichtschreibens
813 2665 1013 2734 eutschuldigt.

55 2751 145 2818 ναριόα
175 2751 250 2816 δίκην
277 2749 432 2816 φεύγοντος,
469 2743 510 2802 ὅτι
586 2750 610 2800 2.
628 2767 676 2801 suc
700 2747 809 2816 notura]
828 2748 888 2817 vgl.
915 2766 971 2801 was
987 2749 1071 2802 Obesi·
1096 2749 1136 2803 im

55 2835 139 2901 ὀαρος
165 2835 304 2896 πολεμίων
326 2829 365 2893 εἷς
383 2829 508 2898 ὲνενόνιι,
552 2831 578 2886 J.
595 2834 629 2886 49
646 2832 734 2886 selbot
751 2848 788 2885 an
805 2830 913 2899 Oppius
931 2847 975 2898 ep.
992 2834 1056 2898 75,1
1076 2833 1135 2886 und

55 2920 160 2984 ιε’ρωνος
206 2913 280 2988 αὐτῷ
323 2918 508 2983 βοηθοῦντος,
553 2932 589 2968 an
615 2915 707 2970 Cicero
733 2914 858 2968 schreibt
884 2916 944 2968 Art.
970 2914 1018 2982 IX,
1045 2917 1085 2981 16,
1102 2918 1135 2969 2:

64 2997 109 3053 τὸν
152 3000 283 3067 Καίσαρα
334 2996 402 3067 πρὸς
446 2996 509 3058 τούς
552 3000 629 3052 Recte
644 3000 785 3066 οιιφανονίο
800 3000 833 3051 dc
849 3017 889 3052 me
907 3039 913 3050 .
930 3038 963 3051 ..
987 3002 1047 3052 berre
1068 3001 1136 3052 caim

71 3085 104 3136 Τι’
130 3083 228 3135 κωλύοι
250 3080 295 3136 oroi
312 3085 414 3152 χρόνον
430 3087 510 3139 Ηικέ-
552 3085 596 3136 οἱοὶ
612 3085 723 3150 coquitur
739 3101 795 3135 ιιαη
813 3122 819 3135 .
834 3123 862 3136 ..
880 3084 945 3135 uitii
962 3100 980 3132 a
996 3101 1036 3135 me
1052 3084 1141 3136 obesse·

56 3169 155 3219 κοῦσαι
176 3169 311 3234 λέγοντος,
339 3166 398 3222 ἕποι’
420 3168 510 3221 πάλαι
552 3169 653 3235 locotus
677 3168 832 3219 maaziau.
861 3194 890 3203 -
910 3168 942 3219 de
958 3164 1076 3234 reliquie]
1104 3167 1135 3220 in

74 3248 192 3318 πονηρὸς
208 3247 277 3319 α’νήρ
294 3256 342 3305 καὶ
359 3253 509 3317 ruiturum
552 3252 710 3318 Beziehuug
735 3249 785 3303 auf
808 3249 853 3303 die
878 3238 1013 3319 Ubrigen.
1041 3282 1073 3290 -
1103 3270 1136 3304 αα

76 3332 232 3402 ἀρξάμενος
249 3337 336 3400 λέγειν
353 3334 369 3389 o'
387 3337 511 3403 Ηικέρων
552 3336 650 3403 Africa
665 3335 774 3387 ombus
790 3332 868 3402 οοηίλ]
883 3334 1044 3388 concessus
1054 3335 1135 3403 Siege

55 3438 72 3479 ις
99 3417 178 3471 ἐκίνει
204 3424 251 3473 και·
273 3414 443 3488 προῦβαινεν
461 3418 508 3472 αὐ-
551 3419 622 3472 iiber
653 3418 698 3471 die
723 3417 908 3485 Pompejsner
942 3418 1075 3473 daselbst.
1100 3448 1134 3457 -

55 3508 87 3555 λιι
122 3522 151 3555 τι
184 3503 306 3562 ποικίλος
342 3510 390 3557 καὶ
417 3503 510 3572 χάριτι
551 3521 609 3554 cum
637 3503 769 3569 fratrom
794 3499 853 3568 tois]
879 3518 908 3555 es
936 3519 1029 3556 waren
1058 3503 1134 3567 arrei,

55 3584 90 3646 ric
107 3582 122 3640 ὁ
142 3583 230 3652 λόγος,
249 3582 357 3648 πολλαὶς
373 3591 424 3651 μὲν
441 3586 510 3641 ἱέναι
552 3602 606 3640 von
620 3584 710 3639 denen
720 3585 848 3650 clareins,
858 3585 946 3651 Titus,
964 3585 1134 3652 slsQuiistor

55 3675 86 3722 πὶ
118 3672 166 3721 τοῦ
194 3669 343 3738 προσώπου
369 3667 417 3725 τὸν
440 3670 510 3724 Καί·
553 3670 638 3723 cesar
663 3669 842 3723 wesentliche
860 3668 976 3723 Dienste
1001 3669 1133 3738 geleistet

55 3752 137 3812 ιοὲοας
169 3755 198 3807 δὲ
224 3756 271 3820 τῆς
298 3756 389 3823 ψυχῆς
416 3754 509 3823 roaro-
551 3752 638 3806 hatte.

55 3832 138 3904 ιοποὶς
155 3836 310 3903 κατάδηλον
327 3837 404 3903 εἶναι,
432 3841 509 3899 τέλος
584 3837 608 3889 3.
626 3837 727 3902 moqoie
743 3837 1000 3903 occupationibus..
1009 3834 1135 3904 βοοοοιιλ]

75 3916 148 3972 κατα
184 3919 331 3987 Φάρσαλον
362 3919 509 3988 ἁψαμένου
550 3917 589 3973 ‘so
606 3917 710 3972 wisse’:
728 3938 762 3972 zu
774 3936 818 3987 ep.
827 3921 883 3986 8,2.
911 3920 955 3971 Au
974 3918 1023 3973 der
1032 3918 1133 3973 Wehr·

55 4023 118 4072 ορος
146 3999 268 4070 α’νώνων,
298 4002 409 4074 ἐκπαθῆ
436 4005 509 4072 γενό-
551 4002 610 4056 heit
643 4003 692 4056 der
717 4002 879 4071 Eriliirung
912 4003 950 4055 ist
984 4002 1063 4056 nicht
1097 4022 1131 4058 zu

57 4089 199 4154 ναχθῆναι
218 4089 255 4155 τῴ
274 4088 379 4152 σώματι
395 4093 443 4143 καὶ
460 4091 508 4157 τῆς
550 4086 682 4141 zweifeln.
716 4085 786 4140 Dese
804 4103 870 4139 man
896 4084 954 4140 sich
972 4086 1078 4141 schwer
1095 4105 1132 4142 su

55 4170 178 4236 ἐκβαλεῖν
214 4167 273 4224 ἔνια
302 4174 354 4225 τῶν
381 4191 507 4240 γραμμα-
549 4170 598 4224 das
625 4171 708 4240 lange
736 4169 998 4225 Antichambrieren
1023 4199 1067 4221 -.
1087 4173 1132 4226 ein

55 4251 96 4307 Γόν
122 4257 187 4320 γοῦν
212 4249 364 4323 ἄνθρωπον
385 4253 507 4310 α’πέλοσι
551 4254 708 4308 Auaeichen
733 4254 783 4307 der
808 4254 953 4309 uehenden
970 4255 1132 4310 Monarchie

55 4338 91 4399 ἀς
116 4340 310 4403 βεβιασμένος.
358 4337 506 4392 Trotzdem
548 4338 747 4408 -gewbhnte,
763 4336 838 4406 zeigt
853 4337 959 4394 Ciceros
977 4339 1135 4409 sigeneBe·

54 4419 129 4474 arius
156 4423 254 4489 spater
269 4425 354 4476 unter
370 4422 424 4476 den
441 4420 507 4478 Ver·
548 4422 687 4492 merkung
703 4439 746 4491 ep.
765 4423 849 4489 104‚2
866 4423 925 4477 und
942 4422 987 4477 die
1004 4424 1068 4478 sehr
1086 4423 1133 4478 be·

55 4519 102 4557 ren
113 4503 310 4574 gegencbssrs
319 4505 411 4560 Leben
422 4506 506 4574 (Plut.
548 4504 716 4562 aeichuende
732 4505 817 4561 Steile
841 4509 932 4563 unteu
956 4523 1002 4575 eu.
1026 4509 1090 4573 ita,
1105 4510 1140 4560 λ.
