2602 4890
438 179 482 232 Ad
500 180 565 233 farn.
583 179 604 245 l,
621 184 645 235 7.
1083 182 1139 246 151

55 349 93 412 tio
111 367 149 410 ac
171 345 315 410 defensio
333 345 502 427 dignitatis
520 351 597 410 tuae
615 350 750 428 propter
767 345 1024 428 magnitudinem
1048 350 1141 412 bene·

55 448 69 511 ,i
93 447 233 512 fortasse
262 445 424 529 plerisque
455 446 551 511 officii
583 445 736 510 maiorem
759 447 989 512 auctoritatem
1019 447 1142 512 habere

55 571 83 612 rr
105 568 204 630 quam
226 547 413 611 sententiae.
449 547 621 611 Praeterea
639 545 769 628 quidem
787 547 826 610 de
842 547 1066 613 consularibus
1083 569 1139 611 ne·
1168 564 1184 615 3

56 670 164 714 ossum
187 653 246 713 aut
266 649 367 711 'studii
388 668 466 729 erga
496 655 528 712 te
550 654 608 711 aut
631 646 728 711 officii
751 653 809 711 aut
839 646 934 711 amici
956 649 1054 713 animi
1077 670 1144 715 esse

67 750 186 814 etenim
204 748 401 830 Pompeium,
425 749 483 831 qui
504 768 628 812 mecum
650 748 835 830 saepissime
857 768 921 812 non
944 748 1048 812 solum
1070 770 1143 831 pro-

55 872 76 927 s,
100 849 155 912 sed
177 852 274 912 etiam
296 867 356 911 sua
372 854 487 929 sponte
504 846 543 912 dc
560 853 594 911 te
616 849 851 912 communicare
869 848 962 925 solet,
982 851 1043 912 scis
1060 853 1143 913 tem-

55 971 69 1012 s
87 949 151 1012 illis
169 967 235 1012 non
253 969 348 1030 saepe
365 951 398 1012 in
416 955 531 1013 senatu
550 950 666 1028 fuisse;
689 951 739 1013 cui
759 950 888 1033 quidem
907 949 1036 1014 litterae
1054 957 1143 1030 tuae,

55 1049 192 1130 proxime
222 1047 374 1127 miseras,
413 1050 500 1133 quod
531 1050 625 1115 facile
656 1051 885 1130 intellexerim,
924 1052 1144 1134 periucundae

55 1156 86 1213 t:
111 1149 191 1212 Mihi
210 1148 338 1230 quidem
356 1149 542 1213 humanitas
560 1156 619 1213 tua
640 1149 689 1214 vel
707 1172 832 1215 summa
852 1151 960 1235 potius
982 1151 1144 1233 sapientia
1184 1182 1186 1187 ·

55 1248 166 1313 cunda
187 1249 301 1328 solum,
324 1248 380 1311 sed
403 1248 502 1312 etiam
523 1249 725 1314 admirabilis
747 1252 813 1315 visa
837 1259 903 1330 est;
933 1252 1037 1315 virum
1060 1252 1143 1315 euim

55 1358 139 1413 ntem
162 1356 194 1414 et
215 1349 277 1414 tibi
299 1355 358 1413 tua
379 1351 560 1431 praestanti
582 1350 615 1414 in
638 1370 710 1414 eum
733 1351 931 1417 liberalitate
952 1352 1144 1429 devinctum,

55 1449 101 1512 hil
124 1449 341 1532 suspicantem
360 1456 490 1532 propter
510 1449 692 1532 aliquorum
715 1451 898 1533 opinionem
920 1473 997 1516 suae
1019 1453 1143 1536 cupidi-

55 1573 62 1614 s
87 1552 127 1615 ab
149 1571 182 1615 se
205 1551 438 1628 abalienatum,
457 1550 516 1613 illa
533 1551 672 1633 epistula
689 1551 875 1628 retinuisti3
898 1553 955 1634 qui
973 1553 1051 1617 mihi
1069 1573 1142 1617 cum

85 1658 160 1715 tuae
190 1650 282 1715 laudi
310 1650 418 1715 favere
447 1651 534 1715 risus
564 1657 621 1729 est,
654 1653 752 1715 etiam
783 1652 853 1735 ipso
875 1653 1143 1735 suspiciosissimo

59 1773 76 1816 e
99 1750 287 1831 Caniniano,
313 1759 382 1815 tum
405 1771 480 1816 vero
503 1751 594 1815 lectis
616 1754 681 1816 tuis
702 1753 822 1816 litteris
843 1759 1030 1834 perspectus
1053 1760 1102 1817 est
1125 1775 1145 1817 a

55 1876 74 1918 o
93 1856 199 1918 animo
219 1855 258 1918 de
280 1860 314 1918 te
332 1873 370 1917 ac
389 1852 427 1916 de
445 1853 511 1916 tuis
530 1854 726 1918 ornamentis
744 1859 776 1917 et
795 1852 969 1917 commodis
988 1853 1141 1936 cogitare.

55 1976 86 2017 ra
108 1975 142 2017 re
165 1974 211 2029 ea,
237 1973 321 2034 quae
343 1951 491 2028 scribam,
513 1951 559 2015 sic
581 1951 709 2031 habet0,
743 1973 793 2017 me
815 1975 887 2017 cum
908 1953 964 2017 illo
987 1974 1022 2018 re
1046 1972 1139 2035 saepe
1167 1965 1184 2015 4

58 2058 168 2120 niceta
191 2055 231 2118 de
248 2053 335 2117 illius
352 2053 393 2116 ad
416 2038 457 2118 te*
470 2054 631 2117 sententia
649 2062 748 2134 atque
766 2055 963 2119 auctoritate
980 2054 1139 2118 scribere:

55 2179 84 2220 m
116 2163 247 2220 senatus
277 2154 463 2219 consultum
495 2154 620 2217 nullum
652 2160 767 2234 exstat,
800 2176 865 2238 quo
888 2155 1035 2220 reductio
1058 2156 1143 2238 regis

56 2258 142 2320 drini
172 2256 233 2319 tibi
256 2256 408 2338 adempta
428 2257 481 2333 sit,
512 2276 623 2338 eaque,
655 2277 738 2339 quae
761 2258 801 2322 de
823 2279 861 2322 ea
883 2258 1060 2340 rescripta
1083 2263 1141 2335 est,

59 2366 124 2436 tas,
157 2358 208 2421 cui
239 2359 300 2420 scis
330 2357 540 2420 intercessum
563 2377 640 2434 esse,
663 2363 763 2422 utne
785 2359 858 2440 quis
881 2360 1012 2422 omnino
1035 2377 1143 2438 regem

55 2466 104 2530 ret,
124 2457 322 2521 tantamvim
341 2458 449 2538 habet,
468 2464 506 2521 ut
523 2458 627 2540 magis
644 2460 803 2523 iratorum
821 2459 987 2522 hominum
998 2458 1143 2522 studium

55 2559 229 2622 constantis
260 2566 390 2622 senatus
421 2557 587 2622 consilium
617 2578 684 2623 esse
714 2559 871 2636 videatur,
902 2564 934 2623 te
964 2559 1143 2641 perspicere

69 2866 73 2875 .
94 2868 99 2878 .
119 2826 143 2879 S.
163 2845 204 2894 ep.
223 2831 264 2890 24,
281 2831 305 2881 5.
317 2831 439 2895 -offlez'i
458 2868 463 2880 .
483 2869 488 2880 .
508 2869 514 2880 .
558 2828 680 2881 Wunsch
700 2829 745 2894 sei,
764 2830 809 2897 lag
829 2829 969 2882 natiirlich
987 2828 1051 2881 sehr
1064 2828 1142 2881 nahe.

55 2911 167 2978 nentina]
186 2912 264 2965 mehr
291 2912 330 2964 ala
349 2912 435 2980 Fulge
453 2928 514 2978 per·
556 2942 588 2949 -
605 2923 752 2980 perspectus
768 2923 803 2965 eat
821 2911 939 2980 cogitare]
969 2910 1143 2980 persdnliche

55 2994 290 3063 rVerpflichtung
300 2995 374 3047 deun
392 2997 434 3047 als
444 2998 515 3047 Aus-
556 2995 761 3049 Konstruktiou
772 3011 866 3064 wegeu
878 2995 927 3048 der
933 2994 1144 3061 Gleichmiissig-

55 3077 281 3130 ¹runds'a'talicher
302 3066 512 3146 Uberaeugung.
556 3079 616 3132 keit
634 3079 686 3131 mit
705 3079 770 3131 dem
787 3078 1035 3146 vorhergehenden
1048 3080 1144 3145 favere

81 3180 156 3228 saepe
182 3164 318 3214 incenato
335 3161 430 3229 fuisse]
449 3163 512 3215 weil
555 3165 624 3214 mmm
641 3173 695 3224 eat;
724 3167 802 3215 sonat
829 3165 866 3214 ist
885 3162 959 3215 beim
979 3164 1049 3216 Peri.
1068 3162 1143 3215 Pasa.

55 3246 96 3297 ier
107 3245 302 3298 Oberaufsicht
320 3246 389 3298 iiber
407 3246 451 3298 die
462 3245 512 3299 Ge·
555 3244 605 3297 der
623 3247 720 3298 Accua.
738 3260 761 3297 e.
779 3246 832 3298 Ins.
851 3247 1068 3314 gewo'hnlicher:
1087 3246 1142 3299 PA.

55 3329 115 3380 luhr
141 3329 196 3381 sast
223 3329 443 3382 ausschliesslich
468 3328 512 3382 be·
556 3327 592 3393 ΙΙ,
611 3331 666 3390 106,
684 3331 708 3381 2.

55 3418 63 3464 t
89 3429 146 3464 war
164 3412 221 3464 und
244 3414 273 3464 in
292 3413 341 3466 der
359 3413 446 3465 Sache
464 3413 517 3472 des
588 3414 613 3464 4.
631 3411 671 3479 ea]
691 3411 835 3481 abhtlngig
852 3431 906 3466 von
924 3417 1039 3468 cenitana
1056 3443 1090 3451 -
1107 3418 1143 3468 n'c

55 3513 84 3547 us
103 3496 181 3549 nicht
192 3513 260 3564 gem
275 3497 512 3564 persbnlich,c0n-
553 3494 650 3562 habeto]
673 3495 784 3563 ‘glaube
801 3496 897 3560 sicher,
924 3499 964 3552 sei
981 3500 1142 3567 tiberzeugt’

55 3579 110 3631 irch
137 3582 212 3633 seiue
231 3581 383 3649 Anhanger
401 3581 508 3634 wirken
553 3579 607 3632 mit
633 3581 697 3632 Aac.
724 3596 746 3634 c.
773 3581 842 3634 lnf.:
869 3599 911 3650 ep.
935 3585 977 3646 60,
994 3586 1026 3649 43
1052 3584 1142 3648 90,1;

55 3666 182 3716 -litterce
199 3663 268 3731 tuac]
282 3664 418 3717 Lentulus
431 3665 511 3717 hatte
553 3677 596 3728 ep.
623 3663 664 3726 43,
681 3664 714 3714 5:
740 3681 823 3715 antem
848 3667 893 3717 hoc
918 3667 954 3717 aie
970 3666 1063 3730 haben,
1082 3705 1088 3716 .
1108 3705 1139 3718 ..

55 3747 123 3813 ›ejus
137 3749 181 3800 ein
192 3747 395 3801 verbindliches
406 3748 510 3802 Schnei-
553 3763 592 3797 me
610 3786 616 3797 .
635 3786 641 3796 .
661 3786 666 3798 .
685 3774 718 3781 —
736 3746 824 3814 aanor]
849 3749 887 3800 im
914 3752 1007 3801 ersten
1026 3747 1141 3801 Satzteil

61 3831 149 3883 dieser
168 3831 389 3900 Angelegenheit
407 3832 511 3901 gerich·
553 3827 650 3881 Oratio
681 3829 787 3883 directa
815 3831 966 3899 gleichsam
1002 3832 1054 3884 mit
1088 3831 1141 3884 den

55 3934 91 3967 :ce
108 3913 266 3982 cupiditatis]
282 3914 511 3979 (ntmlichselbst
554 3910 670 3966 Worten
699 3914 747 3966 des
775 3915 921 3982 Pompejus
948 3914 1014 3983 (vgl.
1041 3915 1140 3968 vorher

55 3999 156 4050 lern'aius
174 3997 367 4065 einzusetzen).
394 3997 511 4065 Seyffert
553 3997 584 4048 de
610 3998 682 4048 illiue
714 4001 840 4051 senentio
869 4010 943 4067 atque
971 3998 1140 4063 auctoritate),

55 4121 62 4134 .
88 4084 129 4134 46.
157 4111 188 4120 -
216 4091 326 4148 tempore
355 4081 511 4149 Caniniano]
554 4080 629 4133 daun
648 4080 868 4151 oratioobliqna.
886 4111 919 4120 -—
936 4081 1059 4150 doecre]
1078 4098 1141 4136 zum

55 4165 183 4217 kstribun
212 4164 243 4216 L.
261 4164 393 4219 Caninius
415 4166 511 4219 Gallus
554 4165 698 4220 Wortlaut
715 4168 771 4236 rgl.
790 4167 839 4220 das
857 4185 891 4219 zu
908 4185 952 4236 ep.
964 4171 1005 4233 22,
1023 4171 1040 4219 4
1057 4184 1141 4236 ange·

55 4248 103 4300 der
123 4248 175 4301 den
194 4251 305 4317 Antrag
323 4250 425 4315 stellte,
448 4249 511 4302 dass
554 4251 648 4304 ffihrte
674 4249 921 4318 Senatsprotolroll.
940 4280 972 4289 -
990 4253 1138 4317 auctoritas,

55 4332 158 4399 ptische
177 4331 270 4401 Kdnig
292 4332 378 4387 durch
398 4333 512 4400 Pompe·
554 4337 596 4387 cui
613 4374 620 4388 .
639 4375 669 4387 ..
699 4337 861 4388 intercessum
896 4337 958 4401 ecce]
993 4337 1141 4401 anctontac,

55 4420 143 4470 esetzt
152 4416 263 4470 werden
272 4417 363 4471 sollte.
381 4416 437 4472 Der
447 4416 514 4471 Ver·
555 4418 634 4472 nicht
650 4429 754 4472 cenatus
770 4422 912 4472 consmtnm
922 4439 930 4481 ,·
950 4438 984 4472 zu
1002 4436 1045 4487 ep.
1062 4421 1138 4485 22,4.

55 4517 95 4554 ass
108 4501 513 4572 esauchPompejus'eigener
554 4528 587 4540 —
614 4511 716 4555 tantum
742 4504 795 4557 oin
820 4502 910 4572 notul
929 4506 1003 4558 ‘uun'
1025 4519 1059 4556 sn
1083 4502 1157 4556 aaut
