2602 4890
21 178 81 251 ap.
99 178 151 249 aa]
319 134 323 141 ¹
531 178 575 233 aa
590 180 656 233 fam.
673 180 695 247 ι,
712 182 736 233 o.
1177 182 1237 245 183

28 347 192 413 cisaimum
214 345 294 411 mihi
316 344 464 409 futurum
482 344 623 428 gaudere
639 365 673 412 se
691 344 841 424 aiebant;
864 351 935 412 erat
951 347 1014 412 hoc
1030 346 1111 410 mihi
1128 345 1238 411 dolen·

28 447 128 527 dum,
158 446 216 513 sed
241 446 347 511 multo
375 445 458 510 illud
488 446 606 529 magis,
637 446 724 531 quod
756 446 921 513 inimicum
942 467 1050 512 meum
1070 482 1113 495 -
1132 466 1240 511 meum

28 546 162 613 autem?
182 548 282 613 immo
299 565 376 612 vero
392 545 510 628 legum,
527 545 730 625 iudiciorum,
753 545 821 625 otii,
839 546 976 629 patriae,
994 546 1155 613 bonorum
1172 568 1239 613 om-

30 648 119 713 nium
129 648 232 713 -sic
248 644 527 729 amplexabantur,
544 646 640 711 sicin
657 645 806 711 manibus
823 646 998 725 habebant,
1017 647 1062 713 sic
1076 647 1239 725 fovebant,

34 749 77 815 aic
91 768 144 813 me
161 751 331 831 praesente
346 745 587 825 osculabantur,
605 767 671 811 non
684 746 732 811 illi
752 746 881 830 quidem
896 752 934 812 ut
948 746 1027 812 mihi
1040 749 1240 814 stomachum

34 850 186 929 lacerent,
203 869 299 932 quem
317 867 378 931 ego
395 846 543 912 funditus
557 848 694 930 perdidi,
711 847 768 913 sed
782 854 870 913 certe
884 855 922 913 ut
935 848 1039 915 lacere
1053 870 1087 914 se
1101 849 1240 914 arbitra

35 958 152 1017 rentur.
179 948 243 1015 Hic
263 969 333 1032 ego,
355 953 515 1031 quantum
532 947 674 1013 humano
692 947 825 1013 consilio
844 947 970 1014 efficere
986 948 1088 1032 potui,
1107 950 1240 1013 circum·

22 1052 149 1135 ¹ppectis
167 1050 266 1117 rebus
282 1050 361 1114 meis
383 1047 533 1113 omnibus
556 1048 803 1131 rationibusque
825 1047 990 1114 subductis
1004 1070 1162 1114 summam
1177 1048 1240 1113 ieci

29 1150 266 1233 -mpitationum
283 1165 427 1214 mearum
442 1150 593 1227 omnium,
611 1168 709 1231 quam
731 1148 802 1228 tibi,
828 1149 856 1212 si
877 1154 1001 1232 potero,
1030 1149 1170 1215 breviter
1187 1170 1239 1213 ex-

26 1270 160 1335 :ponam

11 1364 18 1431 ξ·
114 1351 204 1435 Ego,
227 1352 254 1415 si
274 1352 317 1417 ab
338 1352 494 1437 improbis
515 1356 549 1416 et
568 1350 706 1433 perditis
726 1350 850 1416 civibus
871 1372 940 1417 rem
957 1352 1120 1434 publicam
1138 1349 1240 1416 teneri
1250 1368 1280 1420 11

11 1480 14 1487 ·
41 1451 189 1529 riderem,
219 1452 303 1516 sicut
319 1457 353 1517 et
374 1451 526 1517 Cinnanis
548 1451 749 1534 temporibus
770 1453 888 1516 scimus
909 1459 942 1517 et
963 1473 1028 1518 non
1050 1452 1148 1517 nullis
1168 1453 1240 1517 aliis

12 1580 17 1595 ·
41 1553 204 1632 sccidisse,
233 1574 299 1619 non
329 1554 425 1620 modo
450 1553 619 1637 praemiis,
650 1573 734 1635 quae
755 1554 840 1637 apud
863 1574 913 1618 me
936 1554 1100 1619 minimum
1124 1554 1240 1631 valent,

41 1653 89 1719 sed
108 1674 149 1719 ne
170 1654 320 1737 periculis
341 1654 473 1737 quidem
494 1656 679 1737 compulsus
700 1654 784 1732 ullis,
805 1654 925 1737 quibus
945 1662 1054 1720 tamen
1073 1658 1241 1720 moventur

11 1748 131 1852 petiam
160 1755 328 1821 fortissimi
357 1755 436 1835 viri,
468 1755 511 1822 ad
541 1775 652 1821 eorum
675 1775 805 1821 causam
826 1776 877 1819 me
899 1755 1123 1837 adiungerem,
1153 1753 1242 1817 nesi

11 1873 18 1930 ῑ
40 1874 159 1921 summa
188 1856 319 1939 quidem
348 1876 459 1922 eorum
481 1855 515 1920 in
536 1876 587 1921 me
608 1855 725 1921 merita
746 1861 949 1934 constarent3
983 1876 1054 1920 cum
1077 1860 1187 1920 autem
1208 1853 1241 1917 in

11 2018 15 2057 Ι
38 1957 221 2040 republica
242 1956 297 2023 Cu.
320 1956 492 2041 Pompeius
513 1957 662 2040 princeps
683 1964 766 2022 esset
788 1956 855 2036 vir,
885 1955 922 2035 is,
944 1957 1002 2039 qui
1023 1956 1108 2021 hanc
1128 1960 1242 2038 poten-

10 2090 20 2143 ς
42 2057 113 2123 tiam
142 2063 176 2123 et
196 2057 334 2140 gloriam
355 2057 503 2123 maximis
524 2058 557 2120 in
579 2077 648 2122 rem
669 2056 835 2140 publicam
856 2056 980 2122 meritis
1001 2055 1241 2139 praestantissi-

10 2160 19 2245 ζ·
44 2157 157 2241 nisque
179 2158 277 2223 rebus
302 2158 400 2240 gestis
421 2163 506 2223 esset
527 2163 727 2238 consecutus,
750 2158 904 2241 cuiusque
926 2177 986 2239 ego
1008 2155 1177 2238 dignitatis
1200 2156 1241 2220 ab

43 2256 251 2323 adulescentia
281 2257 400 2338 fautor,
430 2257 464 2322 in
494 2263 649 2340 praetura
678 2264 786 2324 autem
810 2258 896 2323 etin
919 2257 1088 2322 consulatu
1110 2255 1241 2322 adiutor

17 2382 21 2404 =
44 2358 133 2422 etiam
162 2357 365 2437 exstitissem,
395 2378 533 2440 cumque
553 2357 638 2423 idem
661 2358 858 2424 auctoritate
880 2365 913 2423 et
934 2357 1098 2423 sententia
1119 2377 1176 2441 per
1197 2378 1241 2436 se,

10 2500 13 2507 -
46 2456 174 2522 masiliis
192 2464 225 2522 et
241 2457 358 2523 studiis
375 2463 481 2523 tecum
500 2478 550 2523 me
577 2457 753 2524 adiuvisset
769 2479 941 2542 meumque
958 2458 1122 2523 inimicum
1140 2477 1241 2521 unum

27 2552 73 2619 -iu
98 2557 227 2623 civitate
257 2558 390 2623 haberet
419 2559 604 2637 inimicum,
634 2579 700 2623 non
726 2560 840 2641 putavi
861 2559 982 2624 famam
1004 2557 1241 2623 inconstantiae

46 2656 114 2723 mihi
136 2657 433 2743 pertimescendam,
456 2658 484 2724 si
505 2657 700 2741 quibusdam
721 2659 755 2722 in
777 2659 944 2724 sententiis
966 2658 1098 2741 paulum
1115 2677 1165 2721 me
1182 2657 1241 2720 im·

10 2805 14 2827 .·
48 2764 208 2825 mutassem
233 2780 403 2844 meamque
424 2760 624 2826 voluntatem
645 2761 687 2826 ad
708 2762 826 2826 summi
848 2761 907 2826 viri
928 2760 966 2824 de
988 2779 1102 2842 meque
1124 2757 1242 2842 optime

9 2832 22 2951 Ξ
49 2859 141 2925 nedti
163 2860 355 2945 dignitatem
376 2881 608 2945 aggregassem.

52 3030 146 3041 *-

9 3112 24 3179 ι·
50 3146 109 3213 11,2.
127 3176 160 3187 -
174 3167 258 3201 manna
274 3146 390 3216 antemi]
408 3146 615 3216 horrigiarend:
658 3162 709 3215 zog
733 3146 824 3198 maine
842 3144 1014 3213 Rechnung;
1040 3143 1089 3196 der
1107 3142 1241 3195 stehende

18 3276 22 3283 .
49 3226 161 3297 hainen,
176 3248 227 3301 sag
242 3231 322 3288 ioh‘l'
340 3230 473 3301 vanna
485 3229 531 3297 VI,
548 3232 574 3296 2,
590 3232 618 3287 8:
660 3228 808 3283 Ausdruclr
821 3228 903 3293 (auch
921 3231 1047 3282 reticerent
1064 3228 1139 3292 inire,
1157 3228 1241 3279 calau-

9 3249 20 3384 l
47 3315 100 3379 prid
114 3318 220 3369 tandem
236 3318 392 3370 iuti...non
405 3318 545 3383 fecissent?
564 3335 616 3370 non
658 3315 694 3365 loe
712 3310 865 3379 subducere).

44 3396 149 3459 saturant
175 3401 281 3453 auum?
306 3402 383 3452 immo
408 3402 473 3469 qaid
494 3410 553 3454 arato
570 3402 615 3453 od·
693 3399 732 3449 ll.
755 3393 1054 3463 ctnnanntempontna]
1069 3392 1240 3449 istdienach

48 3492 136 3535 antam
152 3502 239 3536 meam
255 3502 309 3536 non
320 3485 464 3551 fecerant?
477 3512 503 3519 -
520 3487 616 3537 abana·
658 3480 712 3534 den
730 3479 838 3548 Spuren
855 3479 905 3533 dar
921 3477 1139 3533 Handschriften
1157 3478 1240 3531 ziem·

44 3564 217 3633 mansur]
245 3568 361 3622 aeitdem
387 3568 496 3623 Clodius
527 3583 616 3636 gagen
658 3562 712 3617 lich
731 3562 838 3617 sichero
854 3562 955 3617 Lerart
972 3561 1047 3629 (oder
1069 3562 1167 3614 Cinnae
1180 3570 1241 3613 tem·

47 3644 132 3701 &sans
170 3648 284 3704 Gaaetze
325 3650 484 3719 voraugehn
524 3650 617 3705 Miene
655 3645 787 3715 por-ibach
804 3648 861 3717 vgl.
870 3647 904 3702 de
915 3647 1030 3713 harusp.
1041 3662 1112 3713 resp.
1123 3647 1169 3698 18:
1181 3653 1240 3709 post

47 3731 146 3786 uachte
164 3733 619 3803 undnamantliohPompejuaaul
658 3733 764 3785 Sullani
785 3732 946 3799 Cinnanique
962 3732 1080 3798 lemmata
1102 3738 1241 3781 extraneam

46 3814 191 3870 tllellleise
204 3816 340 3885 kriinlrt03
358 3836 391 3873 zu
409 3836 452 3887 ep.
471 3821 539 3884 17,1
559 3819 616 3873 und
656 3834 741 3883 paena
757 3817 912 3878 discrimem
931 3815 956 3868 d.
975 3814 1047 3869 dom.
1065 3814 1112 3866 83:
1132 3820 1241 3879 propter

45 3912 82 3964 tp.
101 3902 141 3953 23.
167 3928 202 3937 -
226 3919 279 3953 non
295 3904 336 3955 illi
352 3900 467 3969 quidem]
486 3902 542 3955 ΡΑ.
559 3904 617 3967 161,
658 3902 819 3968 iniquitatem
828 3900 1017 3952 illiuaClnnani
1032 3897 1241 3964 temporia5poat

44 3984 340 4051 adnm-funditas
353 3984 469 4053 perdide]
487 3985 616 4054 vglna
657 3984 716 4038 rad.
740 3986 772 4037 9:
799 3993 898 4051 excepto
919 3985 963 4036 illo
984 3983 1102 4034 &anano
1123 3989 1240 4045 tempore.

43 4064 77 4133 ld,
88 4069 211 4133 Anm.2;
229 4068 274 4122 dis
287 4067 617 4140 Versicherungbeweist
657 4067 710 4121 Die
735 4067 845 4122 friihsre
863 4066 985 4136 Vulgata
1011 4066 1072 4118 mab
1088 4063 1241 4128 temporibus

8 4194 10 4199 .
43 4148 101 4205 aber
127 4152 178 4205 das
204 4152 365 4221 (legenteilr
399 4152 521 4208 deutlich
549 4154 616 4206 tritt
658 4154 729 4205 litant
755 4151 813 4205 sich
840 4151 931 4205 weder
955 4150 1035 4204 recht
1054 4147 1102 4201 auf
1117 4145 1239 4200 Catilina

42 4231 93 4289 dies
110 4236 213 4291 hervor
229 4234 259 4289 in
276 4235 325 4289 der
338 4235 472 4305 Hiulung
488 4236 616 4291 mullus·
657 4235 790 4291 beziehen
816 4234 924 4303 (wegen
946 4253 1041 4301 remp.
1058 4230 1150 4298 tenen)
1169 4229 1239 4283 noch

42 4316 147 4385 driicke,
164 4318 210 4373 die
230 4318 280 4373 das
297 4318 478 4375 Wohlwollen
495 4320 545 4375 der
562 4319 616 4389 Op-
658 4319 707 4373 auf
730 4318 847 4385 Clodius,
876 4319 925 4372 der
957 4316 1027 4371 noch
1052 4314 1134 4369 lebte.
1152 4342 1185 4353 -
1211 4315 1240 4364 in

42 4402 156 4459 limaten
182 4402 357 4459 bezeichnen.
386 4434 415 4443 -
441 4403 491 4473 bic]
516 4424 550 4459 zu
572 4422 616 4473 ep.
653 4404 793 4471 prostrare]
813 4402 870 4457 ΑΕ.
887 4404 911 4457 8.
938 4432 970 4441 -
995 4403 1023 4453 in
1049 4397 1191 4464 cenatote]
1219 4414 1240 4452 s.

44 4488 95 4553 117,
127 4490 153 4541 a
190 4514 219 4525 -
255 4489 447 4557 ratmnibaaqaa
479 4490 616 4556 nodata]
657 4486 731 4540 Einl.
749 4504 783 4541 zu
800 4503 844 4556 ep.
861 4488 886 4540 3.
899 4514 932 4525 -
951 4485 1106 4555 quibusdam
1126 4500 1247 4543 ...pau-
