2602 4890
49 234 52 239 .
133 250 136 255 ⁴
179 197 220 258 94
658 189 701 243 uu
720 193 780 243 ns.
797 189 833 256 11,
852 192 891 243 ra.
1287 187 1295 257 l

51 376 54 381 ·
131 366 153 416 3
265 357 382 440 Populi
404 377 514 422 sensus
536 354 675 419 maxime
697 354 827 419 theatro
849 361 882 419 et
904 354 1094 438 spectaculis
1115 361 1295 438 perspectus

178 481 255 524 nam
277 458 515 541 gladiatoribus
544 477 609 538 qua
644 455 791 520 dominus
821 477 887 538 qua
917 455 1066 520 advocati
1088 455 1191 520 sibilis
1223 476 1295 521 cons

180 559 267 623 ludis
299 555 541 640 Apollinaribus
569 553 720 636 Diphilus
752 556 925 638 tragoedus
957 555 990 619 in
1022 563 1172 621 nostrum
1204 555 1295 639 Pomp

180 659 364 743 petulanter
386 658 529 720 invectus
552 661 618 719 est:

222 757 340 823 Ndstra
363 756 491 820 miseria
513 761 550 819 tu
572 775 605 819 es
627 775 763 838 magnus
785 792 825 803 -—

181 858 282 922 milies
305 863 435 921 coactus
458 861 506 919 est
528 855 650 934 dicere3

221 957 366 1023 Eandem
398 959 549 1019 virtutem
567 959 662 1019 istam
685 955 790 1019 veniet
812 957 938 1036 tempus
961 974 1031 1019 cum
1054 954 1197 1036 graviter
1227 975 1295 1037 gem

179 1059 279 1124 totius
310 1059 430 1122 theatri
457 1056 596 1121 clamore
627 1056 708 1121 dixit
728 1058 871 1138 itemque
893 1062 1008 1121 cetera.
1053 1055 1136 1120 Nam
1160 1056 1283 1121 eteius

178 1166 256 1224 sunt
285 1159 309 1221 ii
338 1178 457 1236 versus,
489 1162 525 1220 ut
554 1159 587 1220 in
619 1162 746 1239 tempus
779 1156 821 1221 ab
852 1157 981 1221 inimico
1005 1156 1150 1239 Pompeii
1181 1157 1295 1242 scripti

183 1261 374 1325 videantur:

222 1359 255 1424 Si
277 1379 380 1440 neque
402 1357 487 1439 leges
510 1358 538 1422 te
559 1377 663 1439 neque
685 1378 789 1422 mores
812 1362 932 1440 cogunt
953 1395 995 1406 —

143 1472 150 1493 ⁸
178 1467 214 1525 et
245 1467 353 1523 cetera
382 1478 500 1539 magno
532 1477 603 1520 curn
635 1457 765 1522 fremitu
797 1464 830 1522 et
860 1458 998 1523 clamore
1030 1466 1107 1523 sunt
1134 1457 1232 1526 dicta.
1275 1458 1295 1523 C

182 1580 255 1624 eum
278 1559 415 1624 venisset
438 1563 567 1621 mortuo
590 1557 716 1639 plausu,
740 1557 837 1623 Curio
858 1557 945 1622 filius
966 1563 1016 1622 est
1036 1558 1221 1622 insecutus:
1251 1558 1295 1622 hu

183 1661 334 1743 plausum
356 1664 415 1737 est,
439 1665 476 1722 ut
496 1658 586 1721 salva
606 1677 640 1721 re
664 1657 795 1740 publica
816 1659 969 1742 Pompeio
991 1659 1103 1742 plaudi
1124 1659 1262 1725 solebat.

185 1761 304 1825 Caesar
318 1760 473 1842 graviter:
492 1759 623 1823 litterae
634 1758 780 1841 Capuam
795 1760 836 1825 ad
855 1759 1042 1844 Pompeium
1055 1760 1164 1825 volare
1185 1760 1295 1826 diceba

183 1860 304 1925 inimici
334 1865 427 1923 crant
449 1858 623 1942 equitibus,
656 1860 712 1941 qui
736 1859 871 1925 Curioni
901 1866 1024 1925 stantes
1056 1861 1257 1944 plauserant,
1287 1861 1295 1924 l

186 1961 351 2038 omnibus3
374 1959 507 2023 Rosciae
529 1959 614 2041 legi,
646 1960 743 2024 ctiam
774 1960 1006 2025 frumentariae
1032 1961 1287 2026 minitabantur:

186 2081 235 2124 res
266 2065 338 2124 erat
368 2059 570 2142 perturbata.
614 2059 773 2141 Equidem
795 2061 983 2139 malueram,
1006 2059 1187 2143 quoderat
1210 2082 1295 2126 susce

184 2160 228 2225 ab
250 2160 323 2237 illis,
345 2160 471 2224 silentio
493 2160 636 2238 transiri,
659 2159 716 2224 sed
737 2180 856 2238 vereor,
887 2182 927 2225 ne
957 2181 1022 2224 non
1054 2161 1169 2240 liceat;
1202 2163 1295 2226 ncnl

186 2261 339 2338 homines,
363 2259 450 2343 quod
472 2260 598 2324 videtur
631 2280 697 2324 esse
726 2265 836 2324 tamen
867 2261 1043 2325 ferendum.
1085 2260 1146 2325 Sed
1173 2269 1222 2327 est
1245 2263 1295 2328 ian

188 2383 248 2425 vox
271 2361 423 2438 omnium,
445 2360 548 2442 magis
571 2359 645 2424 odio
667 2361 797 2425 firmata
819 2382 917 2445 quam
939 2361 1108 2445 praesidio

185 2663 258 2716 ohne
284 2662 337 2716 den
355 2661 457 2714 Zusatz
483 2665 568 2716 medic
594 2664 639 2717 fiir
657 2663 769 2717 Atticus
811 2666 879 2715 toria
892 2664 1020 2730 pauperabit
1036 2663 1155 2728 Pompeis
1174 2679 1219 2728 pr.
1238 2662 1275 2712 K.

187 2745 375 2801 verstitndlich
401 2763 468 2799 war.
511 2746 600 2801 Schon
626 2763 669 2814 ep.
696 2749 771 2813 6,10
819 2748 924 2799 Venatio
941 2755 963 2798 et
979 2748 1037 2798 vela
1054 2754 1136 2796 erum.
1151 2771 1185 2780 -
1203 2746 1295 2799 advoca

187 2830 260 2884 hiesu
277 2847 321 2884 es:
347 2832 465 2882 munitur
482 2833 610 2898 quaedam
631 2833 701 2884 nodis
718 2871 769 2884 ...
812 2829 975 2898 Claque’.—
988 2830 1067 2880 sibilis
1084 2826 1210 2896 oomciaai]
1222 2828 1295 2895 jttmr

186 2917 238 2968 via.
281 2912 341 2982 Vgl.
365 2915 387 2980 I,
413 2917 454 2980 20,
480 2917 510 2967 3:
540 2933 580 2968 me
608 2917 676 2968 tanc
701 2917 770 2967 mam
812 2910 1295 2981 ausgezischt,nachAnalogiavon,¹

185 3002 356 3065 optimatem.
376 3039 381 3051 .
400 3038 406 3050 .
425 3008 522 3061 terrem
550 2997 612 3051 Ter.
639 2997 727 3050 Andr.
749 2998 769 3062 Ι,
812 2998 930 3050 conviciis
955 2995 1124 3048 amurcae.
1149 3022 1178 3030 -
1204 2997 1273 3047 ludia

186 3085 211 3147 2,
230 3085 371 3136 19:190.
390 3081 443 3135 Cic.
463 3082 534 3136 Phil.
553 3081 615 3150 XII,
632 3084 657 3147 2,
674 3086 698 3136 7.
812 3078 930 3148 caritas]
942 3096 988 3133 am
996 3077 1153 3132 5.]11111212
1165 3082 1295 3147 zuerstge

221 3167 244 3217 3.
262 3170 373 3220 ntaxtme
391 3170 489 3220 theatro
502 3177 525 3219 et
535 3163 694 3234 spectaculis]
707 3182 770 3217 zum
813 3163 873 3216 ihre
890 3163 1053 3231 Besorgung
1078 3162 1124 3230 lag
1143 3162 1206 3216 dem
1225 3162 1295 3215 sttdt

188 3249 302 3302 Ablativ
321 3250 375 3318 vgl.
394 3269 428 3302 zu
446 3267 490 3317 ep.
507 3252 531 3317 5,
550 3255 589 3303 11.
619 3236 695 3303 Uber
712 3248 772 3301 der·
813 3246 914 3299 Pr'dtor
931 3246 1020 3299 011-
1038 3244 1295 3315 cirtctcmMabhiing

188 3332 553 3400 artigeDemonstrationen
571 3332 608 3385 ist
621 3332 667 3385 die
685 3348 771 3398 ganza
810 3329 901 3396 gemes)
918 3329 998 3383 deine
1014 3328 1117 3397 jetzige
1134 3328 1244 3383 Grdsse.
1261 3357 1294 3367 -

188 3416 317 3484 wiclrtige
344 3415 429 3469 Stelle
464 3432 515 3483 pro
542 3415 611 3469 Seat.
639 3415 771 3467 115-126
813 3411 891 3479 modi]
910 3412 959 3464 das
977 3412 1074 3465 aweite
1092 3411 1173 3466 Glied
1193 3413 1245 3465 mit
1263 3423 1286 3466 et

188 3499 380 3554 nachzulesen.
405 3527 439 3535 -
464 3517 517 3566 quc
545 3537 550 3551 .
570 3538 576 3551 .
594 3538 600 3550 .
618 3496 679 3565 qua]
697 3518 730 3540 =
749 3507 771 3549 et
813 3501 911 3563 strong
929 3495 1048 3565 logisch:
1067 3495 1295 3550 ‘andererseitau

189 3593 299 3648 ...et,
325 3584 354 3634 in
381 3581 470 3634 dieser
498 3581 659 3648 Bedeutung
686 3580 771 3633 sehon
814 3579 886 3632 auch
903 3579 1016 3643 Stelleu,
1042 3580 1087 3634 die
1113 3579 1239 3649 weniger
1256 3592 1295 3633 aui

188 3665 233 3719 bei
251 3665 366 3718 Plautus
386 3665 418 3730 (z.
428 3664 458 3718 B.
469 3666 546 3718 Asin.
564 3664 584 3731 I,
596 3668 617 3730 1,
635 3666 668 3718 83
678 3664 771 3730 =96),
815 3663 895 3730 pejus
906 3667 1029 3730 passten,
1043 3680 1108 3717 vom
1124 3663 1294 3717 erbitterten

188 3768 241 3815 qua
264 3750 367 3815 publice
383 3768 437 3816 qua
450 3750 570 3817 papatim
587 3747 616 3799 in
635 3748 711 3800 einer
728 3749 772 3801 In·
814 3748 882 3799 kum
909 3747 958 3800 auf
981 3747 1030 3800 ihn
1054 3747 1195 3816 bezogen'.
1221 3776 1255 3785 -
1280 3766 1295 3799 r.

188 3832 286 3885 schrift
304 3849 353 3885 aus
365 3833 543 3895 Aventicum,
552 3831 596 3884 bei
608 3831 700 3885 Cicero
718 3850 772 3885 nur
815 3831 875 3884 hier
900 3832 1001 3885 andere
1027 3831 1068 3884 als
1094 3847 1138 3898 ep.
1163 3834 1285 3896 8,1.—

189 3918 218 3967 in
236 3914 289 3967 den
307 3915 426 3970 Briefen.
445 3943 476 3951 -
494 3912 624 3981 murinus]
644 3932 687 3983 ep.
707 3917 771 3981 13,3
810 3916 919 3984 plausu]
948 3920 1031 3969 unter
1057 3931 1129 3983 ganz
1147 3915 1292 3970 schwache

188 3998 258 4051 wird
276 3998 412 4052 Gabinius
440 4000 565 4066 genennt
592 3998 631 4050 als
650 3997 772 4051 Besitzer
813 3999 863 4052 fall
881 3998 972 4067 (nicht
989 3997 1133 4064 athlebe),
1151 4000 1295 4067 nglintm

189 4097 243 4133 von
261 4081 456 4148 Gladiatoren3
484 4080 552 4134 auch
571 4080 684 4133 Atticus
701 4081 772 4134 hielt
814 4085 939 4135 ceolmaer
956 4082 1078 4148 Mil.12;
1103 4085 1228 4137 contuitis

189 4164 247 4217 sich
257 4164 372 4219 Banden
391 4163 545 4233 (familiae),
564 4181 610 4216 um
626 4164 664 4218 sie
679 4181 715 4217 an
725 4183 772 4218 an·
815 4164 882 4219 Sest¹
910 4167 966 4219 126.
992 4192 1025 4203 -
1062 4166 1192 4236 Capuam]
1219 4167 1295 4235 Pom]

189 4247 255 4300 dere
281 4264 330 4300 zur
355 4248 522 4315 Banutzung
548 4266 582 4301 zu
608 4248 772 4303 vermieten.
815 4249 879 4303 dcrt
905 4251 945 4303 als
973 4250 1103 4320 Mitglicd
1129 4252 1180 4305 der
1206 4251 1295 4306 Aclrer

188 4329 274 4384 Einer
291 4331 339 4384 der
363 4331 609 4400 pompejanischen
627 4332 773 4386 Maneran·
815 4334 1083 4402 lungslrommission
1100 4335 1168 4400 (XX
1176 4337 1229 4388 ciri
1246 4354 1295 4403 apr

190 4413 302 4481 schliigc
327 4415 418 4468 lautct
445 4413 482 4483 (O.
510 4415 531 4468 1.
557 4415 588 4470 L.
607 4415 653 4484 IV,
682 4417 772 4483 1190):
815 4417 930 4484 dandis),
962 4434 1010 4472 um
1032 4416 1295 4488 den-Berechtigter

184 4498 221 4549 A.
239 4498 326 4551 Suetti
348 4499 415 4553 Certi
432 4502 523 4554 aedilis
534 4502 648 4570 familia
670 4502 772 4569 gladia·
816 4500 997 4556 anzuweicen.
1023 4528 1057 4540 —
1082 4500 1243 4571 dicebamur]
1271 4520 1295 4556 ui
