2602 4890
112 189 176 251 462
602 186 646 239 so
663 185 729 239 fam.
746 184 781 252 x,
799 188 839 237 n.
1181 186 1205 252 [s

112 353 258 418 laturum
280 373 330 418 me
351 352 522 418 adfirmare
539 373 605 417 non
626 371 775 435 possum3
798 352 899 417 tantis
921 352 1005 417 enim
1030 353 1099 417 tuis
1123 350 1205 417 oflioi

113 452 224 518 videor
246 454 324 517 mihi
345 454 538 536 respondere
560 473 663 536 posse,
686 452 747 516 nisi
768 453 863 532 forte,
895 458 932 517 ut
948 458 986 517 tu
1008 454 1200 535 gravissime

113 554 300 636 tissimeque
330 553 506 637 scripsisti,
537 555 586 618 ita
617 573 771 618 sensurus
797 574 848 631 es,
879 559 917 617 nt
948 574 997 617 me
1030 554 1154 619 referre
1183 575 1205 635 g:

113 660 217 738 putes
240 674 312 718 cum
334 654 491 719 memoria
513 654 638 720 tenebo.
672 653 706 719 si
728 652 768 719 de
787 653 850 718 filii
871 654 921 718 tui
932 653 1098 736 dignitate
1111 661 1205 719 esset:

114 755 287 820 amabilius
309 760 395 819 certe
417 754 499 818 nihil
530 754 636 819 facere
666 754 835 838 potuisses
879 754 1006 820 Primae
1038 760 1120 820 tuae
1146 765 1205 821 sent

112 855 248 920 infinitis
278 877 351 920 oum
383 856 591 933 muneribus,
626 856 823 938 posteriores
852 854 894 919 ad
925 861 1054 939 tempus
1081 856 1205 921 arbitrii

114 957 290 1021 amicorum
314 976 457 1020 meorum
480 957 696 1038 compositae,
726 956 833 1021 oratio
867 955 1005 1021 adsidua
1036 964 1071 1019 et
1103 965 1205 1041 perpet

114 1077 174 1135 me,
196 1057 303 1137 iurgia
325 1076 398 1119 oum
421 1056 700 1121 obtrectatoribus
722 1063 857 1140 propter
877 1078 927 1122 me
944 1059 1118 1122 notissima
1136 1059 1205 1122 mihi

113 1180 177 1224 non
207 1158 376 1222 mediocris
406 1157 592 1222 adhibenda
623 1158 701 1221 mihi
731 1164 782 1222 est
815 1179 909 1237 cura,
941 1165 979 1222 ut
1010 1159 1058 1222 rei
1091 1160 1205 1242 public

113 1260 215 1324 civem
236 1258 369 1340 dignum
388 1259 456 1323 tuis
476 1258 629 1323 laudibus
649 1264 821 1341 praestem,
843 1259 876 1322 in
899 1259 1044 1323 amicitia
1068 1266 1132 1324 tua
1149 1282 1205 1325 mer

114 1365 213 1442 atque
234 1365 373 1439 gratum.
416 1357 509 1436 Quod
540 1358 702 1441 reliquum
732 1365 802 1437 est,
832 1364 925 1423 tuum
948 1380 1067 1423 munus
1093 1366 1185 1425 tuere

114 1460 157 1540 si,
188 1480 284 1542 quem
307 1479 375 1523 esse
397 1458 548 1537 voluisti,
580 1480 653 1523 eum
676 1458 765 1523 exitu
787 1460 950 1542 rebusque
971 1463 1161 1541 cognoscis,
1190 1463 1205 1526 d

115 1580 153 1624 ac
174 1558 309 1640 suscipe.

68 1683 89 1733 2
198 1658 278 1723 Cum
301 1658 495 1723 Rhodanum
518 1659 628 1742 copias
658 1659 858 1724 traiecissem
888 1660 1092 1746 fratremque
1120 1684 1193 1727 cum

112 1759 245 1824 milibus
267 1760 415 1842 equitum
437 1760 686 1842 praemisissem,
712 1763 780 1843 ipse
801 1761 865 1826 iter
891 1761 933 1825 ad
955 1761 1122 1827 Mutinam
1146 1765 1204 1829 diri

113 1862 147 1925 in
168 1862 283 1926 itinere
305 1860 345 1924 de
369 1862 493 1944 proelio
524 1862 610 1926 iacto
634 1862 802 1945 Brutoque
831 1868 865 1926 et
887 1862 1014 1928 Mutina
1046 1863 1205 1930 obsidione

112 1963 193 2027 ratis
214 1961 339 2026 audivi:
365 1961 580 2026 animadverti
598 1962 724 2026 nullum
743 1962 843 2027 alium
861 1968 1027 2046 receptum
1045 1965 1205 2031 Antonini

112 2063 289 2145 quiesque,
320 2083 403 2144 quae
434 2083 507 2126 cum
539 2083 577 2127 eo
608 2069 732 2142 essent,
771 2062 890 2127 habere
919 2062 980 2126 nisi
1011 2064 1045 2127 in
1078 2064 1131 2129 his
1162 2087 1205 2148 pa:

113 2162 258 2246 duasque
287 2162 317 2226 ei
342 2183 414 2246 spes
443 2184 511 2227 esse
533 2165 735 2245 propositas,
765 2183 863 2228 unam
882 2162 996 2245 Lepidi
1025 2164 1150 2246 ipsius,
1182 2167 1205 2229 al

112 2262 279 2329 exercitus.
323 2262 416 2339 Quod
438 2263 597 2345 quaedam
620 2284 696 2346 pars
718 2263 876 2328 exercitus
896 2284 961 2328 non
983 2265 1094 2329 minus
1117 2266 1205 2331 furios

114 2516 162 2551 um
188 2498 233 2551 die
251 2498 314 2551 Zeit
340 2499 388 2551 des
414 2502 455 2553 28.
472 2501 540 2553 oder
558 2503 598 2554 29.
617 2501 699 2568 April
740 2502 792 2554 den
811 2501 926 2553 Plancus
945 2518 978 2552 zu
996 2501 1091 2553 einem
1101 2502 1205 2555 thetolis

114 2582 304 2651 gescbrieben,
313 2584 353 2635 als
363 2583 480 2637 Plancus
498 2585 599 2638 bereits
609 2585 698 2638 Necb-
740 2584 838 2638 Danlre
867 2584 978 2651 (referre
1005 2588 1134 2653 qratiam)
1161 2587 1205 2639 aul

115 2666 187 2719 richt
206 2684 260 2720 ron
283 2667 333 2719 der
359 2666 488 2720 Schlaoht
514 2668 560 2722 bei
587 2669 697 2721 Mutina
740 2668 828 2721 sollte.
872 2667 990 2720 Plancus
1021 2669 1133 2723 echeint
1159 2672 1205 2723 also

115 2752 166 2815 (21.
193 2751 293 2817 April:
319 2750 499 2820 Entfernung
527 2751 699 2805 Cularo-blu-
741 2751 851 2817 speziell
868 2750 974 2805 Ciceros
1001 2753 1088 2819 Brief,
1105 2754 1205 2807 sonden

115 2835 175 2886 tina
193 2852 234 2887 ca.
252 2837 303 2887 350
320 2852 356 2887 m.
375 2834 413 2902 p.)
440 2835 532 2899 batte,
559 2836 617 2889 und
647 2837 699 2888 mit
741 2852 795 2888 von
817 2836 921 2888 diesem
948 2836 1095 2905 irgendwo
1121 2841 1194 2890 sonet

117 2918 180 2970 dem
206 2918 353 2986 folgenden
380 2936 426 2971 am
458 2923 497 2972 11.
527 2919 585 2972 Mai
618 2919 700 2987 abge·
741 2918 910 2984 eprocbenen
927 2917 993 2972 Satz
1011 2922 1052 2972 im
1071 2924 1151 2988 Auge
1166 2919 1205 2988 gel

116 3001 242 3061 schickt3
270 3019 315 3054 am
341 3005 365 3055 6.
393 3003 459 3056 oder
481 3007 504 3056 7.
523 3003 580 3055 Μαί
599 3002 699 3055 erhielt
742 3000 840 3057 haben.
859 3002 909 3054 wie
926 3020 948 3053 z.
967 3002 998 3056 Β.
1016 3021 1069 3069 pro
1087 3003 1205 3056 Planat

117 3084 234 3138 Plancus
252 3086 296 3138 die
314 3088 446 3140 Antwort
463 3088 509 3139 des
527 3085 659 3152 Lepidus,
671 3103 701 3138 er
742 3086 804 3136 tiam
823 3095 907 3136 aretem
924 3097 946 3138 el
964 3089 1009 3154 qui
1026 3089 1112 3152 refert
1127 3089 1193 3138 babet

118 3167 183 3220 liess
201 3186 246 3221 am
265 3172 290 3221 7.
308 3170 375 3223 oder
392 3175 416 3224 3.
434 3170 492 3223 blei
519 3171 564 3223 die
593 3169 700 3222 Brticlre
742 3170 824 3231 tabet,
841 3170 869 3218 in
886 3187 914 3220 eo
931 3171 995 3236 ipro,
1011 3172 1205 3237 quoquedeest,

116 3248 185 3302 iiber
202 3250 247 3302 die
267 3251 339 3304 lsdre
365 3253 504 3319 schlagen,
533 3253 628 3306 fnhrte
655 3270 701 3305 am
743 3253 851 3317 infinitis
878 3270 936 3303 cum
959 3251 1120 3320 muneribus]
1142 3249 1205 3317 l‘rerl

116 3335 141 3385 S.
159 3333 225 3385 oller
242 3336 266 3386 9.
283 3334 340 3386 llai
350 3337 409 3388 sein
428 3335 499 3388 Heer
511 3336 630 3388 hiniiber
643 3336 697 3401 (ep.
741 3334 812 3398 mit')
827 3334 894 3400 geht
904 3334 954 3386 anf
961 3333 1205 3404 Belobungenond.

119 3418 175 3479 llS,
192 3419 208 3467 3
226 3418 261 3468 ist
281 3416 356 3470 daun
374 3440 399 3471 o.
417 3422 443 3471 d.
462 3420 517 3472 III
530 3422 595 3472 Idne
610 3422 697 3471 Maiae
740 3416 903 3481 beschliisse,
922 3419 972 3471 aul
987 3419 1033 3471 die
1058 3419 1149 3472 Cicero
1174 3417 1205 3468 fiir

116 3519 150 3553 zu
170 3501 344 3568 kerrigieren
367 3502 411 3553 in:
439 3522 464 3554 α.
491 3506 517 3555 d.
552 3506 610 3556 ΓΙΙ
630 3503 698 3556 oder
739 3519 787 3555 cns
806 3506 980 3570 angetragen
991 3500 1142 3569 hattezep.
1156 3501 1200 3561 144,

124 3586 194 3637 ΓΙΙΙ
211 3586 253 3636 Id.
270 3585 326 3636 lt:
344 3603 476 3654 wogegen
503 3587 615 3640 Ruetes’
633 3587 699 3639 Ein-
741 3587 778 3636 ud
794 3596 893 3651 tempus
909 3583 1071 3652 compositae]
1089 3601 1156 3652 ganz
1171 3596 1205 3635 nst

117 3669 258 3735 wendung
282 3668 360 3719 nieht
387 3669 553 3738 sticbhaltig
570 3669 701 3735 scheintl,
743 3667 1205 3736 Umstdndeneingerichtet.-mo

117 3770 162 3805 am
182 3756 222 3805 11.
240 3751 297 3804 Mai
316 3753 417 3804 sandes
434 3770 465 3806 er
483 3755 576 3806 seiuen
592 3753 700 3805 Brnder
742 3752 849 3805 absolut
869 3752 921 3804 wie
938 3751 1005 3803 sam.
1015 3751 1092 3815 XIII,
1108 3752 1152 3803 25:
1170 3746 1205 3811 m

117 3836 161 3888 ab.
184 3837 273 3889 l'nser
292 3836 371 3888 brief
384 3836 420 3887 ist
440 3835 484 3889 die
502 3840 632 3889 Antwort
651 3835 701 3888 auf
741 3846 782 3886 tue
806 3837 958 3899 Larisaeus,
986 3838 1085 3902 araquio
1108 3834 1163 3885 meio
1184 3830 1205 3879 lt

118 3920 224 3973 Ciceros
241 3920 334 3973 Briele
360 3920 426 3972 lam.
451 3919 485 3975 X.
515 3924 546 3973 lo
572 3921 630 3972 und
657 3937 700 3986 ep.
741 3930 850 3970 oramus
877 3921 904 3969 iu
931 3922 1067 3971 ecnerrlotu
1085 3935 1148 3981 meo,
1171 3928 1205 3963 mo

119 4007 174 4054 lll.
739 4004 906 4069 protnefuit.
922 4005 1042 4067 -Quod
1058 4003 1174 4068 reliquam
1187 4010 1205 4045 ⁶³

154 4091 175 4137 1.
194 4086 465 4153 Immortallspmtim'
486 4074 700 4152 iterareibung
743 4086 833 4139 bende
851 4085 959 4138 formel
978 4088 1030 4140 wie
1049 4086 1116 4153 quod
1130 4094 1205 4147 supere

119 4170 169 4221 der
186 4169 523 4238 lionrersationsspraebe
541 4170 593 4222 wie
610 4170 646 4223 od
668 4168 700 4234 Q.
743 4188 786 4237 ep.
806 4172 845 4222 lo.
863 4174 888 4222 5.

119 4253 261 4307 ir.III.1.
287 4257 319 4306 9:
347 4257 523 4307 firmamina
542 4256 649 4320 pendeo.
667 4282 701 4290 -
776 4256 801 4305 2.
819 4251 982 4318 traiecissem}
1009 4269 1056 4305 am
1082 4254 1122 4305 26.
1144 4242 1203 4313 April

130 4348 146 4387 ..⁸
164 4354 244 4389 fu...
272 4336 403 4405 scripsisti]
431 4340 459 4390 ln
488 4338 596 4391 Cleeros
625 4339 703 4392 Brier'
742 4336 776 4401 X,
794 4338 818 4390 9.
836 4338 872 4387 Sl·
889 4364 922 4372 -
948 4338 1049 4387 nullum
1076 4337 1152 4388 allum
1171 4341 1205 4379 m!

118 4420 204 4473 selbst
225 4436 270 4487 ep.
289 4426 336 4473 144
354 4420 440 4475 findet
451 4422 508 4475 sich
527 4422 628 4485 :ich-a,
644 4439 700 4475 was
743 4441 775 4463 =
792 4437 890 4471 ominem
908 4436 976 4486 spem
996 4415 1205 4487 raepecstalopo
