2602 4890
45 188 78 261 a]
166 140 172 153 ’
437 188 482 245 no
498 191 565 245 ram.
582 191 620 259 ιι,
637 192 678 247 rc.
1096 193 1156 256 301

45 357 127 423 micis
147 356 301 423 molestus
322 357 401 436 sim3
423 355 513 440 quod
536 361 648 422 autem
664 356 699 420 in
716 357 886 422 maritimis
904 356 1056 423 facillime
1075 377 1160 437 sum,

46 479 65 523 o
85 478 151 523 nou
167 455 265 521 nullis
282 456 495 539 suspicionem
512 456 594 522 velle
611 477 662 522 me
679 459 841 539 navigare,
860 456 949 540 quod
965 463 1074 524 tamen
1091 458 1157 524 for·

61 577 126 623 non
148 556 279 636 nollem,
300 557 329 620 si
349 577 475 640 possem
497 557 539 622 ad
569 558 691 637 otium;
713 578 789 622 nam
814 555 857 623 ad
884 557 1005 623 ballum
1027 559 1155 642 quidem

45 655 208 724 unvenit?
228 658 419 741 praesertim
441 662 555 723 contra
577 678 659 736 eum,
683 659 736 722 cui
753 678 848 740 spero
879 678 930 723 me
956 658 1158 738 satisfecisse,

45 780 68 837 o,
91 758 143 822 cui
164 757 230 822 iam
251 756 403 822 satisfieri
424 757 515 823 nullo
533 757 629 824 modo
650 763 764 841 potest.

45 858 162 924 Deinde
179 858 373 923 sententiam
390 877 495 923 meam
514 862 552 922 tu
568 857 721 923 facillime
738 857 918 941 perspicere
935 859 1070 941 potuisti
1088 859 1154 924 iam
1180 870 1202 921 3

45 961 72 1025 lo
89 966 244 1042 tempore,
262 979 335 1023 cum
352 959 385 1023 in
404 958 584 1024 Cumanum
601 959 680 1023 mihi
698 958 827 1024 obviam
844 959 1052 1024 venisti:non
1070 959 1156 1024 enim

47 1061 111 1126 lavi
133 1080 310 1126 sermonem
332 1059 369 1127 Τ.
389 1060 514 1144 Ampii3
536 1059 654 1137 vidisti,
674 1081 773 1143 quam
791 1060 997 1127 abhorrerem
1016 1059 1057 1125 ab
1076 1058 1157 1124 urbe

46 1162 180 1245 quenda,
202 1182 275 1226 oum
297 1161 475 1225 audissem:
498 1181 604 1226 nonne
623 1160 685 1226 tibi
704 1160 871 1226 adfirmavi
887 1160 1014 1245 quidvis
1030 1179 1081 1224 mo
1098 1180 1157 1242 po·

52 1281 296 1346 perpessurum,
327 1281 425 1344 quam
455 1281 495 1325 ex
515 1260 615 1326 ltalia
641 1260 684 1326 ad
705 1260 827 1326 bellum
849 1260 939 1326 civile
966 1259 1157 1326 exiturum?

62 1383 138 1444 ergo
161 1361 295 1441 accidit,
315 1383 372 1426 cur
389 1361 555 1427 consilium
574 1361 759 1427 mutarem?
780 1382 887 1433 nonne
906 1361 1016 1427 omnia
1037 1359 1157 1444 potius,

68 1462 228 1526 sententia
249 1460 494 1544 permanerem?
517 1460 636 1527 Credas
658 1461 719 1527 hoc
740 1462 820 1526 mihi
838 1462 943 1542 velim,
966 1461 1052 1546 quod
1076 1464 1159 1544 puto

46 1561 203 1640 istimare,
222 1581 273 1626 me
295 1583 333 1628 ex
364 1562 414 1626 his
435 1562 570 1626 miseriis
600 1562 680 1626 nihil
710 1562 803 1627 aliud
832 1584 997 1646 quaerere,
1028 1561 1090 1626 nisi
1119 1567 1158 1625 ut

46 1681 98 1725 nes
121 1661 294 1744 aliquando
315 1662 505 1745 intellegant
526 1684 576 1728 me
596 1663 678 1727 nihil
694 1663 845 1729 maluisse
861 1683 960 1745 quam
977 1683 1097 1746 pacem,
1116 1682 1153 1727 ea

46 1768 127 1826 trata
143 1762 223 1826 nihil
240 1768 308 1827 tam
326 1763 445 1845 fugisse
463 1784 561 1847 quam
581 1784 672 1829 arma
689 1763 812 1828 civilia:
836 1763 993 1828 huiusme
1005 1768 1154 1829 constan·

46 1869 123 1945 puto
145 1862 214 1927 fore
235 1868 273 1928 ut
293 1883 470 1947 numquam
491 1865 664 1946 paeniteat.
714 1863 844 1929 Etenim
875 1862 1004 1928 memini
1033 1863 1067 1926 in
1096 1862 1158 1928 hoc

46 1985 70 2029 ’θ
86 1963 219 2045 gloriari
241 1963 373 2029 solitum
396 1985 464 2029 esse
484 1964 679 2029 familiarem
705 1970 855 2030 nostrum
877 1962 913 2040 Q.
936 1963 1155 2041 Hortensium,

64 2085 242 2149 numquam
259 2065 346 2131 bello
364 2065 449 2130 civili
465 2065 685 2131 interfuisset:
707 2065 769 2130 hoc
784 2070 899 2130 nostra
915 2064 987 2129 laus
1004 2064 1066 2128 erit
1082 2064 1157 2128 illu-

47 2188 66 2244 ι,
84 2166 173 2249 quod
189 2165 237 2229 illi
254 2166 461 2231 tribuebatur
477 2167 633 2249 ignaviae,
655 2165 800 2232 danobis
818 2164 851 2229 id
868 2164 1047 2230 existimari
1064 2185 1157 2248 posse

47 2268 192 2333 arbitror.

47 2367 101 2432 lec
123 2388 173 2432 me
203 2367 267 2432 ista
292 2372 434 2444 terrent,
464 2387 547 2450 quae
567 2366 647 2431 mihi
669 2388 689 2431 a
709 2372 741 2432 ts
763 2366 806 2432 ad
827 2365 976 2431 timorem
996 2365 1149 2429 fidissime
1174 2378 1198 2431 l-

47 2467 293 2533 {amantissime
315 2472 558 2550 proponuntur;
591 2467 682 2532 nulla
704 2474 754 2534 est
776 2468 860 2532 enim
884 2467 1050 2547 acerbitas,
1069 2487 1153 2550 quae

47 2567 192 2632 omnibus
214 2566 275 2631 hac
297 2568 384 2633 orbis
407 2573 567 2633 terrarum
589 2568 834 2652 perturbatione
854 2568 1038 2652 impendere
1069 2567 1156 2632 vida·

70 2689 169 2752 quam
190 2667 319 2752 quidem
341 2688 400 2750 ego
422 2688 443 2732 a
463 2689 498 2733 re
525 2667 657 2752 publica
677 2669 756 2734 meis
774 2669 909 2754 privatis
926 2674 959 2732 et
975 2667 1157 2732 domesticis

47 2952 145 3022 olenus]
182 2954 236 3007 mit
262 2954 370 3008 meinen
397 2953 532 3008 Liktoren
574 2956 619 3009 len
638 2972 681 3023 sp.
698 2956 739 3020 36,
758 2958 806 3008 11:
823 2957 930 3007 uultum
948 2964 983 3006 eat
1000 2972 1058 3007 eom
1075 2963 1159 3006 tencre

49 3056 91 3091 am
110 3039 228 3106 librigen
245 3037 368 3106 Gofolge.
387 3065 418 3074 —
436 3039 466 3090 iu
479 3057 533 3090 ma·
574 3057 632 3090 eron
653 3041 771 3106 periculo
799 3056 916 3104 uorum,
941 3055 1015 3105 quem
1040 3038 1157 3104 coeperis,

48 3120 56 3190 ]
79 3124 229 3190 praediola.
255 3151 289 3159 —
313 3124 440 3188 facillime
465 3120 532 3190 oum]
570 3123 660 3190 patim
685 3141 764 3190 quom
794 3140 822 3174 eo
847 3130 998 3173 commutato
1023 3137 1071 3188 quo
1096 3121 1161 3172 velia

48 3208 108 3272 ,63,
122 3209 144 3258 1.
162 3233 194 3243 -
212 3202 347 3273 adolium]
366 3203 533 3274 (Gegousatz
575 3207 811 3273 tcmcupcrccuirc.
831 3233 859 3243 -
879 3222 964 3257 nouae
980 3207 1023 3257 tibi
1032 3208 1158 3273 adfirma-

48 3289 172 3357 lFriede
200 3288 258 3341 und
283 3288 329 3341 die
355 3287 456 3341 danaus
474 3292 533 3342 ent·
575 3291 601 3342 oi
613 3329 634 3343 ..
648 3287 683 3356 ,η
702 3288 777 3342 diese
794 3287 1003 3343 ausdriichliche
1015 3290 1072 3342 und
1085 3289 1157 3342 wohl

51 3372 84 3426 de
94 3371 255 3440 allgemeino
264 3371 344 3425 Ruhe
362 3373 419 3426 und
429 3370 534 3426 Sicher·
575 3372 737 3426 wiederholt
775 3371 918 3441 gegebene
953 3371 1158 3440 Versicheruug

48 3455 98 3523 rgl.
117 3472 158 3522 ep.
176 3455 200 3518 3,
224 3458 247 3509 1.
265 3484 296 3493 —
314 3458 359 3524 qui
386 3455 532 3524 conveniri]
574 3455 640 3509 fa‘llt
665 3455 790 3509 offenbar
816 3456 845 3507 in
872 3454 934 3508 eine
952 3457 1063 3524 spiitera
1085 3455 1156 3521 Zeit,

48 3539 102 3591 llta
128 3538 194 3591 oder
216 3538 322 3592 hdnnte
349 3540 393 3593 ich
411 3540 483 3594 das?
500 3569 534 3578 -
576 3540 616 3593 als
633 3555 730 3593 wovon
749 3538 819 3592 oben
832 3538 979 3591 beiiamot
990 3541 1156 3606 illotemporc

48 3623 53 3687 Ι
82 3621 134 3674 wie
159 3621 189 3674 iu
215 3631 283 3675 storo
309 3625 341 3675 ab
367 3625 452 3692 aliquo
478 3623 535 3677 'auf
576 3623 620 3677 die
632 3622 708 3676 Reda
718 3639 783 3676 war.
803 3653 835 3663 -
847 3620 943 3691 potior]
953 3625 1102 3675 acciderunt
1110 3624 1156 3675 ita.

48 3705 118 3759 site’.
147 3733 180 3743 -
205 3707 324 3773 amisfieri
356 3709 428 3760 nullo
461 3709 534 3759 modo
575 3709 649 3760 —iu
657 3710 703 3760 boc
709 3705 810 3775 ponere]
821 3725 854 3759 zu
864 3723 907 3773 ep.
917 3708 941 3772 6,
950 3709 974 3760 6.
991 3735 1025 3743 -
1045 3708 1073 3770 Q.
1088 3707 1159 3757 Hor-

58 3804 155 3856 wegen
165 3789 268 3842 moines
286 3791 390 3859 langen
399 3790 533 3858 ngarns.
575 3788 697 3858 maure]
716 3790 764 3844 der
781 3789 924 3844 bekannte
941 3806 1034 3859 grosse
1045 3787 1156 3840 Redner

49 3873 128 3923 iciam
145 3872 242 3940 venida]
260 3872 307 3927 bei
324 3875 431 3928 Ciceros
444 3874 534 3928 Riick·
576 3874 643 3944 (vgl.
660 3893 694 3927 zu
712 3890 755 3942 ap.
773 3875 797 3941 b,
814 3873 849 3940 2).
883 3873 923 3926 Er
939 3889 998 3925 war
1016 3873 1054 3924 im
1069 3870 1157 3924 Jahre

49 3972 84 4008 us
93 3954 224 4010 Kilikian.
241 3955 356 4011 Damals
373 3974 432 4012 war
441 3957 534 4012 cilius
575 3960 609 4012 50
626 3957 784 4027 gestorben.
804 3987 832 3997 -
852 3959 1006 4010 edoceatur
1027 3953 1158 4023 amane}

49 4038 265 4106 sentschlossan,
282 4040 340 4094 sich
354 4059 387 4094 zu
402 4040 486 4095 Cdsar
500 4058 534 4095 zu
576 4043 616 4096 als
633 4040 762 4110 Feigheit
783 4042 849 4095 oder
875 4040 1007 4095 vielmehr
1024 4039 1157 4107 Bequem·

51 4141 77 4175 n.
94 4152 128 4161 -
149 4120 287 4190 lldmpir]
305 4140 338 4175 zu
356 4139 399 4191 ep.
417 4125 458 4190 66,
467 4127 535 4178 2.-
576 4125 692 4180 lichkeit
710 4125 854 4194 ausgelegt
872 4124 974 4178 wurde.

49 4226 52 4253 ι
78 4225 117 4259 me
135 4209 221 4274 potios
246 4203 335 4275 quom]
362 4206 433 4261 nach
448 4209 535 4275 potios
608 4212 633 4263 4.
646 4206 783 4279 fidissime]
801 4226 855 4262 von
868 4207 968 4261 beiden
978 4205 1160 4260 Handscbrif-

48 4288 125 4342 steht
142 4287 316 4358 gewiihnlich
331 4289 534 4359 derKonjnnlr·
576 4292 735 4346 tenklassen
761 4291 886 4360 bezeugt,
913 4290 952 4343 ist
972 4291 1056 4345 haum
1075 4307 1158 4344 anzu-

49 4372 116 4426 )ooh
134 4373 189 4441 vgl.
210 4388 303 4427 ausser
325 4374 447 4428 anderen
465 4373 534 4429 Stel·
575 4375 702 4444 fechtsn3
720 4374 893 4441 calamo,
911 4375 943 4430 6:
955 4376 1158 4444 fidissimami·
