2604 4860
114 79 178 145 m
615 74 850 143 mmma
1182 74 1201 143 p

115 252 183 310 tem
213 248 246 309 et
279 241 448 307 consilium
479 246 573 307 tuum
594 261 660 307 non
686 241 752 307 siut
772 240 885 322 secuti,
917 260 978 305 sua
999 240 1144 307 stultitia
1164 261 1201 307 oo

116 365 188 410 cum
209 349 269 408 tua
290 341 466 427 prudentia
486 340 566 406 salvi
588 361 657 407 osse
677 341 869 426 potuissent.

199 442 310 507 Dices:
344 439 441 524 ›quid
472 460 524 505 me
545 440 610 505 ista
629 460 681 506 res
703 442 891 507 consolatur
919 442 955 506 in
986 444 1091 509 tantis
1121 444 1201 510 tenet

2 628 4 633 Ι
116 544 210 628 quasi
231 542 400 627 parietinis
418 541 467 606 rei
482 540 678 625 publicaeir
701 542 903 613 mionnino
920 543 973 607 rix
989 544 1197 611 consolabilis

114 650 210 711 tanta
238 649 287 709 est
317 643 459 708 omnium
496 663 605 707 rerum
637 643 767 709 amissio
798 648 831 708 et
869 642 1054 726 desperatio
1095 666 1201 730 recupe

66 757 68 761 '
114 744 170 811 sed
191 750 302 810 tamen
324 749 357 809 et
379 742 499 809 Caesar
519 744 587 826 ipse
608 744 657 808 ita
684 743 725 809 de
755 749 789 809 te
816 744 941 810 iudicat
962 750 995 810 et
1025 766 1138 812 omnes
1167 747 1201 811 ci*

27 834 30 839 ¹
115 847 310 922 existimant,
333 844 427 929 quasi
448 842 557 908 lumen
579 842 715 926 aliquod
736 844 905 910 exstinctis
925 846 1039 911 ceteris
1060 846 1187 913 elucere

113 952 270 1014 tetemet
291 944 500 1030 prudentiam
520 950 554 1009 et
576 943 770 1026 dignitatem
791 950 899 1010 tuam:
923 944 1003 1011 haec
1024 946 1088 1011 tibi
1109 946 1153 1013 ad
1174 948 1201 1013 le

114 1047 279 1114 molestias
300 1065 421 1128 magna
450 1064 520 1110 esee
550 1043 676 1110 debent
727 1045 821 1124 Quod
852 1051 961 1111 autem
982 1066 1004 1111 a
1025 1047 1092 1111 tuis
1124 1046 1200 1114 abes

113 1149 214 1215 levius
236 1147 404 1213 terendum
434 1152 494 1224 est,
526 1145 616 1228 quod
641 1145 754 1211 codem
783 1152 928 1229 tempore
949 1166 970 1211 a
991 1146 1106 1212 multis
1137 1154 1171 1213 et
1198 1171 1201 1213 :

114 1249 269 1314 molestiis
292 1246 386 1326 abes;
409 1266 492 1329 quas
514 1244 556 1311 ad
578 1250 611 1311 te
633 1247 736 1311 omnis
758 1247 999 1329 perscriberem,
1022 1248 1086 1313 nisi
1118 1270 1201 1315 verer

115 1369 154 1415 ea
175 1367 385 1430 cognosceres
408 1346 534 1426 absens,
558 1366 643 1429 quae
664 1346 825 1429 quianon
842 1347 939 1429 vides,
957 1348 1038 1413 mihi
1053 1349 1201 1415 videmos

114 1470 183 1515 osse
203 1448 389 1514 condicione
413 1466 511 1531 quam
532 1467 601 1525 nos,
624 1448 681 1530 qui
702 1447 857 1513 ridemus.

71 1565 89 1618 3
197 1547 364 1613 Hactenus
385 1547 532 1613 existimo
562 1552 707 1613 nostram
738 1548 992 1615 consolationem
1021 1555 1111 1616 recte
1143 1551 1201 1616 adh

114 1670 192 1729 esse,
214 1648 323 1732 quoad
353 1650 473 1713 certior
505 1647 548 1712 ab
578 1646 709 1713 homine
741 1647 1057 1716 amicissimo'fieres
1083 1652 1124 1716 iis
1146 1652 1186 1716 de

114 1750 233 1833 quibus
256 1749 358 1814 levari
378 1754 510 1833 possent
531 1748 700 1814 molestiae
721 1754 807 1815 tuae.
858 1749 996 1834 Reliqua
1024 1756 1104 1816 sunt
1134 1751 1169 1816 in
1200 1776 1201 1780 ¹

112 1871 219 1936 neque
239 1850 320 1914 mihi
341 1850 456 1932 ignota
481 1869 540 1914 neo
570 1849 702 1914 minima
732 1851 860 1928 solacia,
889 1854 926 1915 nt
956 1849 1089 1933 quidem
1120 1872 1182 1935 ego

112 1950 216 2017 multo
237 1950 397 2016 maxima:
419 1970 503 2034 quae
524 1969 586 2031 ego
608 1950 776 2033 experiens
797 1948 916 2016 cotidie
937 1951 983 2015 sic
999 1952 1115 2034 probo,
1134 1958 1201 2018 ute

112 2052 252 2118 salutem
273 2052 400 2117 adferre
421 2050 612 2130 videantur3
643 2056 676 2116 te
707 2056 816 2117 autem
847 2051 890 2118 ab
911 2051 1005 2117 initio
1026 2054 1149 2118 aetatis
1170 2076 1201 2119 m

112 2160 208 2219 teneo
229 2173 352 2221 summe
369 2154 512 2218 omnium
543 2152 766 2218 doctrinarum
797 2153 978 2219 studiosum
1009 2153 1109 2219 tuisse
1142 2175 1201 2219 onn

111 2275 196 2338 quae
218 2274 239 2319 a
259 2253 503 2337 sapientissimis
523 2252 565 2318 ad
590 2252 669 2317 bene
690 2250 861 2317 vivendum
888 2252 1013 2319 tradita
1042 2261 1169 2333 essent,
1198 2278 1201 2317 ι

112 2353 222 2420 studio
244 2375 387 2438 curaque
407 2353 575 2432 didicisse;
596 2373 681 2436 quae
702 2353 831 2436 quidem
853 2353 904 2418 vel
925 2354 1056 2437 optimis
1077 2355 1177 2422 rebus
1197 2382 1201 2416 t

111 2458 146 2520 et
166 2454 371 2521 delectationi
392 2474 460 2520 esse
480 2460 629 2538 possent:
658 2453 805 2520 hisvero
826 2455 1024 2538 temporibus
1054 2455 1201 2522 habemur

110 2555 201 2635 nihil,
232 2556 266 2619 in
296 2574 362 2638 quo
392 2556 642 2639 acquiescamus.
692 2553 782 2619 Nihil
811 2555 929 2621 faciam
958 2555 1134 2622 insolenter
1167 2579 1201 2623 ne

110 2656 172 2723 tali
192 2655 243 2720 vel
268 2656 403 2721 scientia
433 2655 483 2720 vel
513 2661 635 2721 natura
663 2655 848 2739 praeditum
870 2655 1045 2736 hortabor,
1068 2662 1109 2722 ut
1139 2658 1180 2723 ad

111 2755 230 2822 referas
252 2761 348 2836 artes,
371 2756 491 2839 quibus
513 2776 533 2821 a
554 2755 666 2839 primis
688 2757 890 2839 temporibus
912 2757 1029 2823 aetatis
1059 2757 1201 2824 studium

73 2865 91 2917 4
116 2856 248 2922 dedisti:
270 2861 400 2921 tantum
423 2857 537 2936 dicam,
559 2855 647 2940 quod
668 2862 702 2922 te
722 2877 815 2940 spero
837 2857 1107 2941 approbaturum,
1131 2879 1189 2939 me,

110 2977 206 3040 quarn
229 2957 278 3022 illi
299 2957 373 3037 arti,
396 2956 449 3022 cui
469 2955 667 3037 studueram,
690 2956 771 3021 nihil
793 2975 861 3023 esse
878 2956 941 3023 loci
950 2957 1198 3043 nequeincuria

144 3226 168 3277 2.
186 3233 262 3275 tanto
278 3233 314 3275 est
331 3226 444 3277 omnium
466 3242 554 3277 rerum
580 3226 694 3292 omissio]
737 3241 792 3279 von
809 3222 919 3279 Verban
945 3223 1003 3279 und
1021 3224 1191 3294 Adjektiveu

110 3308 149 3361 ‘ao
166 3306 256 3361 bitter
273 3307 428 3376 empfindet
445 3325 520 3375 man,
546 3309 609 3363 dass
627 3308 695 3364 allas
737 3324 800 3362 cero
825 3306 974 3362 besonders
1009 3309 1039 3361 in
1066 3310 1162 3364 seinen
1186 3307 1201 3361 b

110 3391 239 3444 verloron
257 3392 319 3445 ist’:
337 3391 394 3445 dies
412 3392 520 3447 isthier
537 3392 693 3449 diaBedeu-
736 3390 888 3445 Schriften:
903 3390 1201 3461 WdliflinCompar.tt

110 3478 182 3544 tung
201 3474 248 3528 dos
274 3474 398 3529 selteneu
417 3475 693 3532 Verbalsubstsntivs
735 3475 800 3544 grai
823 3491 872 3527 zur
893 3473 973 3528 Rosc.
1001 3477 1048 3541 133
1082 3475 1112 3529 iu
1143 3475 1192 3529 deu

111 3557 307 3625 (Verr.b,131;
324 3560 354 3613 in
364 3559 477 3627 Pis.4o;
493 3563 544 3625 433
560 3561 630 3616 fehlt
647 3560 693 3615 bei
735 3558 845 3626 Quinct.
862 3561 912 3627 61;
938 3559 988 3627 69;
1012 3562 1062 3626 77;
1088 3558 1201 3614 Roscd

111 3643 227 3697 Stinner
244 3660 272 3711 p.
286 3642 326 3711 7):
343 3661 377 3697 zu
394 3659 436 3710 ep.
453 3645 495 3711 90,
512 3648 546 3711 ’1;
563 3643 634 3714 ng.
652 3644 692 3699 St.
734 3643 791 3697 div.
808 3643 839 3696 in
856 3642 932 3697 Coeo.
948 3644 997 3711 573
1014 3641 1092 3698 Verr.
1110 3642 1132 3709 1,
1148 3644 1193 3706 633

110 3730 150 3781 58.
173 3755 207 3770 -
232 3744 299 3795 qaae
315 3728 378 3792 quic
398 3743 451 3777 noo
467 3728 539 3779 vides
558 3725 610 3799 ...]
627 3728 692 3783 ‘was
734 3725 764 3779 in
782 3724 835 3779 den
853 3724 963 3780 Briefan
981 3724 1071 3781 findet
1092 3743 1121 3781 es
1146 3724 1200 3779 sich

110 3809 247 3878 duijetzt)
258 3809 694 3881 nichtsiehst,ebergeradedes·
735 3826 850 3864 unserer
867 3808 952 3864 Stella
973 3810 1047 3865 noch
1073 3828 1116 3879 ep.
1134 3812 1187 3875 100,

110 3909 207 3962 wegen
225 3894 282 3948 bist
300 3894 338 3947 du
355 3892 384 3947 in
403 3894 512 3949 meiuen
523 3895 621 3964 Augen
638 3896 694 3950 viel
734 3893 780 3949 bei
804 3893 908 3947 Matius
935 3909 978 3961 cp.
1007 3896 1065 3961 131,
1089 3897 1114 3948 2.
1146 3911 1201 3935 -2

109 3974 301 4031 besserdsran
313 3978 354 4030 als
364 3975 423 4044 wir,
440 3977 485 4032 die
493 3977 544 4031 wir
561 3994 589 4032 es
607 3978 692 4033 sehn’.
735 3980 803 4029 timis
819 3977 906 4043 retas]
933 3993 1016 4046 sogor
1038 3981 1122 4032 unter
1138 3978 1187 4032 deu

110 4057 181 4127 ng.
199 4059 259 4115 Stil.
278 4062 336 4126 164,
353 4061 377 4113 5.
734 4061 937 4133 gliiclrlichsten
956 4059 1171 4116 Verhiiltnisaeu.
1185 4087 1201 4097 -

143 4144 168 4196 3.
186 4144 294 4195 aolidem
304 4145 421 4211 adferre]
431 4142 692 4200 demelbeGedanke
727 4147 831 4211 faciam
848 4142 1001 4213 insolenter]
1010 4146 1144 4201 niimlich:
1158 4143 1197 4199 dir

110 4225 181 4280 oben
199 4242 244 4294 cp.
261 4228 336 4293 88,5
362 4228 419 4281 und
443 4228 487 4283 dis
513 4228 577 4283 dort
594 4227 693 4299 mitqe·
734 4228 819 4296 iiber3
844 4228 889 4282 ich
914 4228 1007 4283 werde
1032 4230 1088 4284 mir
1111 4227 1201 4285 nicto

104 4310 184 4368 teilte
203 4311 290 4371 Stella
307 4310 583 4385 fan.v1,1a,o.-
600 4329 695 4365 somnae
736 4310 782 4380 (su
798 4309 895 4382 sapen)
913 4312 1057 4369 erlsubsn.

90 4400 313 4470 ...studicruml
340 4417 441 4455 mmmc
467 4416 519 4457 uun
534 4397 708 4471 Steiqeruuq
782 4397 810 4448 t.
823 4404 926 4446 cantaro
948 4396 1046 4460 dinoot
1064 4416 1101 4451 uu
1121 4390 1201 4464 apli
