2602 4890
108 197 171 263 sn
596 192 642 248 n
658 192 790 262 rmu.
806 197 831 248 ι.
1177 196 1204 268 [1

109 377 206 444 debes
225 395 284 442 noo
304 375 466 455 dubitare,
488 375 567 459 quin
589 382 648 441 aut
668 377 782 461 aliqua
807 397 846 442 rs
873 377 1009 461 publiea
1037 378 1086 444 sis
1114 379 1143 444 is
1172 379 1204 444 iu

110 478 168 562 qui
188 497 257 543 eme
276 475 384 556 debes,
405 475 600 559 autpsrdita
616 496 683 541 non
696 475 877 542 adflictiore
890 477 1085 544 oondioioue
1094 499 1192 562 quam

110 577 181 644 Eoo
200 597 276 643 vero
297 581 434 660 tempus,
461 596 529 659 quo
549 576 726 642 exanimati
747 597 859 642 omnes
879 583 914 642 et
934 579 1088 661 suspensi
1108 599 1204 643 sumn

110 675 328 744 moderatiore
349 676 458 742 animo
478 675 564 742 ferre
584 675 694 756 debes,
715 675 805 760 quod
822 683 857 743 et
876 677 912 741 in
932 678 1017 743 urbe
1036 699 1079 743 ea
1099 699 1144 760 es,
1162 679 1204 743 ub

110 783 145 846 et
166 778 234 843 alta
255 781 304 842 est
324 775 410 841 ratio
432 796 471 841 ao
500 775 682 842 moderatio
711 776 809 856 vitae,
839 781 873 842 et
902 776 1006 842 habes
1027 777 1098 844 Ser.
1131 777 1204 861 Sulp

111 899 208 964 quem
228 897 353 961 semper
373 877 467 942 unios
487 876 648 957 dilexisti3
670 876 729 961 qui
750 883 784 942 te
803 877 952 961 profecto
978 886 1012 944 et
1035 879 1204 945 beneroles

110 979 272 1062 sapientia
292 977 488 1058 consolatur,
511 978 603 1043 ouius
632 977 661 1042 si
690 997 832 1043 essemus
861 984 895 1043 et
925 979 1144 1044 autoritatem
1173 986 1204 1044 et

113 1080 221 1146 silium
243 1078 353 1159 seouti,
375 1075 481 1160 togati
512 1079 623 1161 potius
645 1078 834 1160 potentiam,
865 1097 966 1161 quam
995 1079 1120 1144 armati
1149 1081 1204 1145 vict

111 1179 317 1246 subissemns.

70 1293 87 1345 ’1
194 1279 259 1346 Sed
279 1280 360 1345 baso
379 1277 531 1361 longiora
550 1276 691 1344 fortasse
712 1278 857 1357 inerunt,
879 1298 979 1362 quam
995 1297 1129 1344 nooesse
1145 1278 1204 1345 fuit

110 1402 195 1465 quae
216 1379 341 1445 maiora
361 1384 447 1460 sunt,
469 1377 597 1444 brevius
618 1398 795 1463 exponam:
828 1398 889 1460 ego
909 1377 1027 1458 habeo,
1049 1381 1104 1444 oui
1125 1380 1195 1465 plus

110 1482 172 1547 tibi
192 1481 337 1560 debeam,
359 1480 517 1544 neminem
536 1478 719 1563 -quibus
740 1483 870 1544 tantum
896 1478 1065 1559 debebam,
1095 1488 1204 1564 quanti

110 1581 282 1664 intellegis,
305 1600 358 1647 eos
379 1579 476 1644 huius
496 1579 576 1644 mihi
597 1578 678 1644 belli
701 1599 795 1645 casus
816 1579 938 1662 eripuit
958 1598 1015 1659 —3
1047 1582 1106 1663 qni
1127 1581 1204 1645 sim,

110 1683 173 1749 hoo
192 1688 345 1764 tempore,
367 1681 538 1763 intelleg03
573 1679 629 1745 sed
650 1680 730 1764 quia
750 1701 846 1745 nemo
867 1684 918 1744 est
946 1685 1016 1744 tum
1047 1681 1202 1759 adflictus,

110 1784 139 1847 si
159 1781 240 1846 nihil
261 1781 350 1847 aliud
371 1779 502 1846 studeat
523 1780 586 1844 nisi
605 1779 649 1860 id,
671 1778 760 1863 quod
778 1781 857 1863 agit,
876 1780 981 1862 possit
998 1801 1120 1846 navare
1138 1782 1204 1865 aliqu

8 1882 13 1901 '
112 1882 248 1962 efficere,
270 1901 364 1948 omne
386 1902 493 1946 meum
513 1881 692 1962 eonsilium,
714 1902 856 1964 operam,
878 1881 1024 1947 studium
1041 1889 1131 1949 certe
1147 1882 1204 1949 reli

110 1983 234 2048 istimes
255 1982 318 2048 tibi
338 1983 469 2066 tuisque
489 1981 599 2047 liberis
619 2002 686 2048 esse
708 1980 863 2048 debitum.
1178 1978 1182 1982 ’

111 2286 161 2342 dos
178 2285 344 2352 Torquatus.
368 2313 402 2324 -
426 2287 517 2354 aliquo
532 2283 692 2353 republica]
733 2286 823 2337 olom
838 2286 869 2337 io
884 2293 943 2351 lopo
959 2293 983 2336 et
1007 2287 1139 2353 prinecps,
1162 2285 1200 2337 sed

112 2386 194 2424 wenn
211 2369 282 2422 noeb
299 2373 385 2422 etwas
403 2369 455 2423 wis
471 2369 533 2424 sine
551 2368 692 2438 Republik
733 2385 800 2436 oper,
816 2377 930 2436 quamue
946 2386 1019 2420 nune
1035 2370 1122 2435 baba,
1138 2368 1204 2420 oool

112 2450 298 2518 fortbssteht3
314 2453 370 2521 vgl.
387 2469 431 2520 ep.
448 2453 523 2518 98,2.
541 2453 633 2507 Ciosro
642 2451 693 2506 bat
768 2454 793 2505 7.
818 2451 870 2504 Sed
885 2449 1007 2518 bueo...]
1034 2451 1080 2505 sin
1095 2451 1124 2504 in
1139 2449 1204 2504 deni

113 2535 159 2589 die
184 2538 271 2589 etwas
302 2535 384 2589 harto
410 2534 615 2590 Konstrnlrtion
644 2533 693 2587 des
735 2534 862 2604 biufigsr
878 2521 1040 2602 llbergsng:
1066 2537 1107 2587 lio
1128 2537 1204 2588 ciem

113 2618 176 2672 Abl.
193 2619 251 2672 abs.
277 2619 400 2688 gewiihlt
422 2619 480 2672 und
498 2618 543 2673 die
559 2635 602 2686 ep.
619 2619 661 2685 98,
677 2620 694 2671 2
735 2620 856 2672 rotatim
872 2619 969 2672 dolosis
986 2619 1024 2670 od
1036 2621 1204 2686 promissiones

114 2704 232 2771 analoge
243 2701 393 2772 Wendung
409 2704 431 2754 si
448 2705 480 2755 sit
497 2704 587 2770 αἱὶςιια
598 2720 695 2769 respu-
736 2704 767 2756 lii
779 2705 958 2770 percommode
975 2705 1088 2754 tramit:
1107 2702 1204 2756 Manut:

112 2788 179 2840 blico
194 2786 362 2853 vermieden,
378 2786 442 2841 weil
459 2785 618 2840 diesneben
630 2785 695 2838 dem
736 2785 781 2839 iiir
802 2785 876 2840 disse
894 2790 948 2840 Art
975 2786 1022 2840 des
1048 2773 1204 2855 llbergsugs

111 2869 258 2940 folgenden
274 2873 309 2923 eis
324 2873 347 2923 is
361 2874 471 2938 fratrom
478 2868 696 2924 unsohdnwiire.
736 2884 797 2923 rere
814 2869 951 2938 Beispisls
968 2870 1135 2940 gesammelt
1152 2869 1204 2922 bot.

114 2953 166 3008 Die
184 2954 248 3008 sebr
265 2954 448 3010 bestsohende
465 2953 522 3007 und
547 2952 695 3023 sorgsdltig
736 2951 839 3021 minem]
856 2955 919 3022 quio
941 2956 1057 3021 perierat
1080 2953 1126 3005 On.
1144 2955 1204 3018 Pom,¹

112 3038 286 3106 begriindete
299 3037 476 3106 Vermutung
490 3035 644 3090 Streiohers
657 3038 695 3104 (p.
736 3038 767 3090 P.
785 3037 912 3090 Lautulas
928 3036 1013 3106 (Einl.
1030 3054 1066 3089 zn
1082 3053 1127 3104 ep.
1144 3037 1193 3100 36),

114 3125 178 3177 176:
202 3123 259 3191 vgl.
286 3121 433 3176 besonders
458 3121 523 3174 iam.
550 3119 597 3188 VI,
618 3124 642 3188 2,
659 3119 694 3188 2),
736 3137 816 3188 opero
831 3123 962 3174 restitutus
984 3122 1016 3172 ab
1032 3122 1110 3172 exilio
1130 3121 1204 3186 suen

114 3204 160 3259 die
178 3205 227 3258 aul
242 3206 322 3259 einer
338 3204 539 3259 Kombination
557 3204 607 3258 der
631 3204 697 3258 Les·
737 3203 841 3257 nutius.
859 3232 891 3242 -
908 3213 1035 3273 promum
1060 3213 1089 3255 tu
1105 3204 1204 3270 iutelleq

114 3291 195 3340 arten
219 3287 314 3342 beider
331 3287 549 3342 Handsohriiten
577 3286 695 3341 berubt:
736 3288 830 3340 scilieet
846 3307 925 3357 pssum
941 3290 1002 3341 tibi:
1030 3288 1204 3354 Manutins31

113 3379 159 3423 ost
175 3379 292 3424 recreatu
317 3374 458 3439 oliqzsoado
479 3372 637 3438 republica,
654 3387 696 3424 er·
737 3372 801 3426 rekt
817 3390 851 3426 uu
868 3389 963 3441 sagen,
986 3372 1069 3426 hiitte
1095 3373 1204 3441 wenig,

114 3453 221 3508 sohsint
237 3470 333 3523 wegen
347 3454 394 3509 des
420 3455 605 3524 resignisrten
622 3453 695 3507 Tons
736 3454 797 3508 fdhl
822 3461 961 3510 verrateu.
1008 3456 1088 3511 Naoh
1117 3458 1171 3512 den
1201 3456 1204 3468 ¹

113 3537 164 3592 der
181 3554 288 3606 ganzen
306 3536 390 3592 Stelle
416 3537 486 3592 doob
513 3537 693 3604 bedenkliob3
734 3557 777 3607 eqo
793 3541 878 3607 habeo,
901 3542 1019 3608 enipius
1043 3559 1125 3610 quom
1150 3545 1192 3596 tibi

113 3620 167 3674 mit
193 3624 214 3674 is
238 3623 352 3688 satam,
377 3624 422 3690 qui
445 3639 496 3676 ease
521 3623 592 3675 dedeo
617 3621 694 3675 kann
734 3625 872 3690 nemiuem,
888 3623 933 3677 die
950 3623 1000 3677 aul
1014 3623 1069 3678 den
1086 3625 1204 3681 erstenl

111 3703 176 3774 jede
193 3720 275 3758 wsnn
293 3704 362 3758 auob
379 3705 451 3759 noch
468 3722 498 3759 so
515 3705 694 3760 besoheideuo
735 3705 929 3760 iibertriebene
939 3706 1042 3761 Phrase
1053 3710 1204 3764 ersoheiner

113 3787 261 3857 politisobe
278 3786 621 3858 Stellunggemeiutsein3
637 3790 693 3859 vgl.
735 3791 801 3854 ten,
826 3805 884 3842 war
923 3789 984 3843 eine
1009 3788 1191 3862 Bemerkung

113 3872 178 3926 fam.
199 3871 234 3939 X,
252 3875 292 3937 10,
309 3873 333 3924 2.
351 3899 385 3909 -
400 3873 622 3941 Ser.Salpioiuml
639 3873 694 3928 die·
735 3869 817 3926 ‘deun
848 3872 938 3928 moins
971 3873 1103 3942 griissten
1134 3875 1204 3932 Wob

113 3971 157 4010 ser
174 3956 254 4010 batte
271 3955 311 4009 als
329 3954 498 4009 Statthalter
514 3974 569 4011 von
587 3957 704 4026 Aehajo,
735 3955 785 4009 das
803 3955 923 4011 brauobe
947 3956 992 4011 iob
1009 3956 1055 4010 dir
1072 3959 1154 4014 nioht
1171 3979 1203 4014 ru

114 4038 209 4093 seinen
236 4038 293 4093 Situ
319 4037 349 4092 in
376 4038 479 4093 Athen.
509 4068 543 4078 -
572 4043 647 4094 cuias
671 4043 695 4093 si
735 4037 798 4092 sind
816 4043 876 4094 tot’.
893 4068 926 4080 -
942 4044 988 4110 qai
1003 4041 1117 4111 sim...]
1144 4060 1165 4098 s.
1183 4061 1204 4112 s]

114 4123 229 4188 aremus!
256 4122 316 4177 diss
337 4122 387 4176 hat
407 4140 438 4176 er
455 4121 525 4177 oben
543 4140 586 4191 sp.
605 4126 693 4191 105,1
735 4124 793 4178 und
818 4126 858 4191 95,
876 4126 900 4179 3.
934 4113 1011 4179 llbsr
1037 4127 1083 4182 dis
1101 4125 1204 4182 wieder

114 4201 178 4256 dsm
188 4202 322 4272 Sulpicius
337 4207 425 4261 selbst
438 4207 562 4276 bezeugt.
577 4236 605 4247 -
617 4209 695 4276 togati
735 4225 790 4262 von
806 4210 923 4276 imellspo
939 4209 995 4280 gilt
1011 4211 1062 4265 dns
1079 4229 1115 4266 ru
1133 4211 1149 4278 5
1167 4216 1179 4265 l
1198 4229 1204 4264 ι

115 4324 138 4339 ..
151 4287 313 4358 ‚peantium
330 4290 405 4344 seine
418 4290 536 4359 (Cissus)
545 4290 642 4346 Maobt
655 4292 694 4347 im
735 4293 776 4360 97,
793 4293 810 4344 2
826 4291 982 4348 Bemerlrts.
996 4322 1030 4333 —
1043 4299 1112 4351 nibil
1122 4298 1197 4350 uliud

113 4367 247 4441 Frieden3
272 4373 385 4428 thulich
411 4373 483 4430 oben
508 4391 550 4444 op.
580 4378 637 4442 103,
662 4377 694 4431 5:
736 4392 816 4430 wenn
834 4394 864 4432 er
880 4376 938 4431 sein
956 4376 1017 4432 Zisl
1043 4378 1083 4447 (id
1098 4383 1204 4450 quodq

108 4458 203 4526 qusibm
219 4460 242 4512 oi
258 4459 302 4512 illo
314 4461 694 4532 messopothamiam
735 4460 866 4516 verodokt
883 4460 923 4516 im
940 4462 1019 4532 Ange
1040 4461 1157 4534 benna
1183 4480 1204 4516 ιι
