2602 4890
53 202 73 271 ,]
400 202 447 255 Ad
463 201 530 255 fam.
548 200 623 270 XVI,
639 205 681 255 21.
1079 203 1138 267 441

53 369 165 435 tudine
187 389 282 451 saepe
303 368 515 434 inscientibus
535 368 630 435 nobis
651 374 685 433 et
706 369 896 434 cenantibus
918 368 1046 452 obrepit
1065 370 1141 434 sub-

53 492 65 535 s
94 469 267 535 severitate
297 469 522 553 philosophiae
553 469 782 534 humanissime
810 470 978 535 nobiscum
1008 471 1143 536 iocatur.

53 593 59 635 r
82 571 125 635 da
142 592 284 654 operam,
307 578 343 634 ut
365 571 451 636 hunc
473 572 582 651 talem,
604 579 672 635 tam
694 571 880 649 iucundum,
902 577 970 636 tam
988 572 1143 636 excellen-

53 675 133 736 irum
164 671 272 735 videas
304 692 404 753 quam
434 672 584 755 primum.
634 672 718 736 Nam
751 672 830 754 quid
861 693 920 754 ego
951 672 991 737 de
1013 673 1143 737 Bruttio
1168 672 1186 722 4

53 774 179 855 ?quem
202 771 291 836 nullo
313 778 459 855 tempore
490 793 511 836 a
532 793 583 836 me
613 772 724 854 patior
753 772 926 851 discedere,
957 775 1049 837 cuius
1071 794 1143 837 cum

57 894 215 955 everaque
237 880 285 937 est
307 874 383 951 vita,
406 880 476 937 tum
499 873 597 938 etiam
620 873 851 938 iucundissima
872 874 1050 952 convicti03
1079 894 1143 939 non

53 997 82 1037 m
101 977 264 1039 seiunctus
282 976 373 1039 iocus
392 995 411 1038 a
429 978 602 1064 φιλολογίᾳ
623 982 655 1039 et
677 975 841 1040 cotidiana
862 975 1034 1054 συζητήσει.
1060 973 1145 1038 Huic

53 1097 122 1139 cum
144 1075 177 1137 in
199 1075 347 1158 proximo
370 1075 508 1139 conduxi
531 1081 573 1153 et,
595 1081 634 1139 ut
656 1097 797 1158 possum,
825 1096 865 1139 ex
886 1076 964 1138 meis
985 1074 1145 1156 angustiis

54 1184 193 1241 sustento
226 1176 430 1240 tenuitatem.
475 1176 650 1241 Praeterea
680 1176 889 1241 declamitare
912 1176 1033 1240 Graece
1056 1175 1144 1259 apud
1170 1182 1187 1233 5

54 1298 81 1339 m
113 1277 258 1355 institui3
290 1277 407 1341 Latine
439 1285 548 1341 autem
580 1277 670 1359 apud
692 1277 858 1342 Bruttium
889 1275 1030 1340 exerceri
1060 1278 1145 1343 volo.

54 1378 256 1443 'amiliaribus
282 1385 315 1442 et
337 1378 508 1442 cotidianis
530 1377 778 1455 convictoribus,
810 1398 892 1461 quos
915 1397 1024 1441 secum
1047 1377 1146 1458 Myti-

54 1479 214 1562 tratippus
236 1479 381 1556 adduxit,
405 1477 590 1543 hominibus
608 1485 640 1542 et
658 1478 761 1541 doctis
783 1485 816 1542 et
833 1478 882 1541 illi
899 1478 1146 1560 probatissimis.

54 1581 195 1644 uetiam
216 1601 341 1644 mecum
372 1588 421 1645 est
446 1580 626 1662 Epicrates,
657 1581 807 1662 princeps
829 1580 1083 1659 Atheniensium,
1114 1589 1147 1644 et

58 1701 90 1745 es
113 1680 284 1745 ethorum
307 1682 405 1745 ceteri
428 1681 557 1745 similes.
605 1679 659 1748 Ta
680 1684 738 1763 μὲν
761 1678 819 1746 οὖν
840 1682 923 1746 καθ’
956 1683 1036 1763 ἡμᾶς
1058 1682 1144 1746 τάδε.

54 1781 123 1863 rgia
142 1789 250 1845 autem
269 1782 355 1864 quod
375 1782 454 1845 mihi
470 1781 593 1861 scribis,
613 1789 683 1846 erat
706 1782 837 1865 quidem
860 1781 964 1867 ille-in
983 1782 1148 1846 cotidiana
1172 1786 1189 1838 6

58 1884 168 1947 atione
189 1884 287 1960 utilis,
318 1882 374 1947 sed
405 1884 515 1947 omnia
540 1883 718 1965 postposui,
749 1882 826 1945 dum
848 1882 945 1947 modo
968 1870 1147 1965 praeceptis

68 2003 234 2067 parerem;
267 1986 437 2068 διαρρήδην
467 1985 552 2049 enim
573 1985 757 2067 scripserat,
788 1990 826 2047 ut
856 2005 929 2048 eum
951 1983 1145 2047 dimitterem

56 2105 64 2148 :
88 2085 295 2166 tergiversari
325 2085 426 2162 nolui,
454 2106 494 2149 ne
517 2106 587 2149 mea
609 2085 710 2149 nimia
732 2085 855 2163 σπουδὴ
883 2084 1095 2167 suspicionem
1118 2083 1147 2147 ei

55 2209 78 2250 n
101 2187 300 2268 importaret,
332 2187 447 2250 deinde
472 2186 554 2250 illud
577 2188 676 2250 etiam
698 2187 778 2250 mihi
801 2185 1023 2262 succurrebat,
1046 2205 1144 2266 grave

57 2309 74 2350 e
96 2288 136 2350 de
158 2286 276 2351 iudicio
299 2288 402 2369 patris
424 2288 586 2366 iudicare;
609 2295 702 2352 tuum
721 2294 830 2351 tamen
853 2286 995 2351 studium
1020 2292 1052 2350 et
1069 2306 1148 2350 con-

65 2397 195 2469 gratum
218 2396 451 2473 acceptumque
474 2397 522 2455 est
543 2389 631 2455 mihi.

55 2489 272 2553 accusationem
293 2492 517 2572 angustiarum
540 2490 590 2553 tui
611 2490 765 2573 temporis
791 2488 931 2572 accipio,
964 2488 1030 2553 scio
1052 2487 1148 2565 enim,
1174 2492 1191 2543 7

65 2591 167 2654 soleas
198 2611 265 2655 esse
295 2598 480 2673 occupatus.
522 2591 646 2655 Emissa
677 2599 710 2655 te
741 2590 912 2673 praedium
943 2590 1148 2653 vehementer

55 2714 64 2755 ›
85 2692 286 2775 feliciterque
307 2693 368 2757 tibi
386 2714 453 2757 rem
476 2695 572 2758 istam
594 2693 718 2757 evenire
740 2694 835 2777 cupio
857 2732 899 2742 -
921 2690 1075 2755 hocloco
1097 2709 1148 2750 me

55 2792 177 2857 atulari
194 2794 262 2857 noli
280 2794 404 2872 mirari;
423 2794 536 2858 eodem
554 2796 639 2858 euim
656 2795 724 2859 fere
741 2794 812 2859 loco
830 2799 867 2856 tu
886 2812 1015 2874 quoque
1033 2789 1147 2853 emisse

60 3015 238 3069 :Trebonius
251 3016 520 3071 erwiihutibnaucb
566 3016 657 3069 bende
680 3018 803 3082 princeps
829 3014 1023 3066 sidoniensium
1050 3008 1150 3063 nichts.

64 3099 138 3152 Einl.
158 3101 288 3153 citierten
299 3100 390 3153 Briefe
406 3100 462 3154 und
480 3101 522 3154 ci·
564 3130 597 3139 -
614 3097 754 3166 Leonides]
781 3096 916 3163 dormibo,
945 3095 1061 3148 welcher
1084 3093 1148 3145 dem

68 3185 114 3238 off.
124 3184 145 3249 I,
164 3188 229 3236 1.-
240 3180 347 3251 obrepit]
365 3200 396 3237 er
413 3184 522 3237 kommt
565 3187 658 3240 Cicero
676 3184 734 3236 und
745 3182 857 3235 Atticus
867 3179 1052 3248 regelmiissig
1062 3176 1150 3230 Nach-

57 3274 127 3322 utet.
565 3269 640 3323 richt
658 3268 726 3321 tiber
735 3267 790 3319 den
805 3266 910 3334 jungeri
923 3263 1017 3317 Cicero
1028 3262 1083 3331 gab
1093 3260 1151 3314 und

56 3372 94 3405 am
122 3354 186 3420 quid
263 3350 358 3420 dicam]
388 3351 523 3405 stehende
566 3370 639 3407 zwar
657 3356 694 3405 im
715 3351 843 3419 Aufenge
867 3348 925 3403 sich
943 3347 1035 3415 wenig
1053 3345 1152 3399 zufrie·

58 3439 88 3489 in
97 3436 147 3489 der
156 3435 322 3489 Praeteritio
332 3434 523 3503 (Occupatio):
566 3439 621 3492 deu
639 3438 693 3489 mit
711 3436 868 3490 demselben
885 3433 1017 3487 erkl'arte.

56 3537 74 3572 r.
93 3520 115 3584 I,
134 3524 156 3585 l,
175 3521 221 3571 10:
246 3537 309 3570 nam
334 3521 397 3586 quid
423 3537 465 3586 eqo
492 3520 523 3570 de
599 3524 623 3576 6.
641 3524 682 3575 De
704 3520 809 3589 Gorqici]
830 3519 879 3571 dns
896 3519 1040 3570 Altertum
1057 3515 1151 3569 besass

56 3626 60 3647 ·
86 3604 191 3655 dicam?
225 3621 299 3670 quem
325 3613 392 3655 certo
415 3604 464 3654 scio
567 3607 637 3660 noch
654 3607 736 3659 einen
749 3604 827 3656 Brief
834 3601 942 3656 Ciceros
960 3618 997 3654 an
1015 3600 1073 3666 ihu,
1091 3600 1153 3652 wel-

74 3686 523 3752 Seh01·11³t·1‚22¹¹⁰d28·-
565 3692 630 3746 cher
657 3690 685 3745 ἐν
711 3689 777 3758 ὀργῇ
813 3710 864 3741 τινι
892 3692 1044 3754 γέγραπται
1078 3684 1152 3737 Plut.

56 3770 100 3839 ²3⁰i
116 3771 197 3825 einen
216 3775 295 3823 ⁸01¹⁸¹²
312 3770 391 3824 1110}st
400 3770 523 3823 bfllfflffll·
566 3776 619 3830 Cic.
637 3777 679 3839 24,
697 3774 746 3827 der
761 3773 886 3827 erz'dhlt:
913 3772 1034 3839 Γοργίαν
1106 3765 1153 3821 τὸν

56 3856 231 3909 ‘flmmfltiker
265 3854 324 3907 und
353 3854 524 3907 Asterium·
566 3861 669 3929 ῥήτορα
688 3856 849 3921 αἰτιώμενος
866 3855 905 3916 εἰς
923 3852 1023 3921 ἡδονάς
1041 3858 1086 3906 καὶ
1104 3852 1152 3904 πό-
1247 3918 1251 3925 Ι

57 3964 60 3994 :
92 3959 157 3993 man
176 3941 249 3993 sieht
266 3957 316 3992 aus
333 3939 421 3993 dieser
439 3938 524 3993 Stella
567 3964 631 4004 τους
668 3942 800 4010 προάγειν
838 3938 867 3993 τὸ
896 3939 1037 4006 μειράκιον
1072 3934 1151 4002 (eben

57 4050 71 4095 ι,
89 4027 152 4079 dass
170 4025 241 4078 auch
261 4025 363 4078 Riimer
380 4023 410 4076 in
429 4023 523 4077 Athen
566 4027 672 4081 Ciceros
682 4022 768 4092 Sobn)
777 4022 927 4077 ἀπελαύνει
944 4025 992 4089 τῆς
1007 4020 1154 4079 συνουσίας

57 4128 103 4164 rer
120 4111 273 4175 austratem
298 4108 350 4161 wie
376 4108 447 4161 auch
474 4110 524 4163 der
567 4108 661 4165 αὐτοῦ.
677 4138 712 4148 -
730 4104 886 4176 διαρρήδην]
905 4101 1108 4157 ausdriicklich.
1122 4132 1154 4141 --

86 4194 215 4263 folgeude
233 4193 350 4257 Cassius,
376 4193 423 4245 ein
445 4198 524 4246 ronst
567 4192 682 4263 σπουδή]
709 4188 924 4259 ‘Gewogeuheit
950 4187 1087 4255 Neigung'
1109 4185 1155 4238 fiir

57 4284 136 4333 anter
153 4278 268 4332 Rhetor·
564 4278 688 4346 jemand.
702 4307 733 4316 -
748 4270 921 4340 succurrebat]
939 4289 972 4324 zu
991 4288 1034 4338 ep.
1054 4271 1110 4333 122,
1129 4272 1154 4320 4.

57 4362 526 4434 crara]eiuvornehmerAthener2
602 4367 626 4417 7.
643 4364 688 4414 boc
706 4359 768 4428 loco]
786 4363 845 4413 erst
858 4356 927 4419 hier,
946 4354 1024 4408 nicht
1033 4352 1154 4421 sogleich

62 4451 198 4506 bsdeutet
223 4449 296 4504 wohl
320 4449 370 4502 das
396 4448 527 4502 hochtra-
569 4464 604 4499 zu
621 4444 736 4511 Anfang
763 4442 810 4496 des
836 4439 951 4504 Briefee,
977 4439 1030 4492 wie
1055 4454 1083 4490 es
1111 4435 1156 4489 die
