2602 4890
434 224 479 279 Ad
495 223 561 278 fam.
578 222 639 291 XV,
655 225 679 276 6.

353 541 435 611 cvi.
458 540 513 626 (aa
535 541 610 606 am.
631 537 701 618 xv,
725 541 768 623 a.)

183 713 239 768 Sor.
256 713 286 767 in
304 712 397 767 Cilicia
416 728 510 766 mense
528 709 646 778 Quintili
664 712 697 764 Δ.
715 708 748 763 U.
767 708 794 762 C.
813 710 863 763 704
880 706 942 774 (50).

270 864 311 927 Μ.
335 860 489 929 CICERO
512 862 540 930 S.
563 861 601 928 Ι).
623 860 665 925 Μ.
687 858 853 927 CATONI.

55 1031 184 1095 »Laetus
214 1051 285 1094 sum
306 1030 434 1095 laudari
456 1051 524 1095 me<
557 1028 664 1110 inquit
686 1026 817 1108 Hector,
840 1026 953 1110 opinor
975 1024 1058 1108 apud
1082 1023 1165 1089 Nae·
1193 1029 1207 1080 1

88 1131 166 1196 >abs
187 1136 230 1212 to,
252 1137 356 1214 pater,
379 1151 399 1196 a
420 1130 553 1195 laudato
576 1130 684 1208 viro‹;
716 1148 755 1193 ea
776 1134 825 1192 est
846 1128 930 1191 enim
952 1125 1096 1209 proiecto
1119 1125 1168 1188 iu·

55 1254 65 1296 ι
86 1232 169 1310 laus,
197 1251 282 1314 quae
304 1231 345 1296 ab
368 1231 407 1295 iis
429 1230 653 1315 proficiscitur,
675 1230 732 1312 qui
753 1227 814 1312 ipsi
836 1227 870 1290 in
892 1226 988 1291 laude
1010 1226 1167 1290 vixerunt.

55 1352 125 1396 uero
147 1329 197 1395 vel
218 1329 438 1412 gratulatione
459 1330 645 1394 litterarum
667 1334 797 1392 tuarum
819 1326 870 1390 vel
888 1324 1080 1391 testimoniis
1097 1345 1168 1388 sen-

55 1454 80 1496 te
112 1431 217 1496 dictae
247 1430 328 1494 nihil
359 1437 407 1497 est
434 1431 522 1513 quod
552 1451 685 1495 menon
707 1429 895 1494 adsecutum
917 1432 1038 1510 putem,
1071 1425 1168 1507 idque

67 1553 140 1596 cum
171 1532 416 1614 amplissimum,
450 1539 518 1597 tum
549 1531 770 1614 gratissimum
792 1534 851 1607 est,
874 1537 907 1594 te
928 1527 1068 1592 libenter
1089 1524 1168 1590 ami·

76 1633 209 1712 dedisse,
233 1632 320 1716 quod
343 1632 467 1715 liquido
489 1632 621 1698 veritati
642 1631 744 1697 darec.
787 1630 840 1710 Et,
862 1631 889 1694 si
906 1650 971 1695 non
988 1626 1083 1692 modo
1102 1646 1168 1691 om-

55 1755 157 1798 rerum
180 1735 279 1798 etiam
302 1735 396 1798 multi
420 1734 557 1799 Catones
580 1738 685 1797 essent
706 1733 739 1796 in
762 1731 891 1796 civitate
910 1735 1030 1807 nostra,
1052 1729 1085 1790 in
1104 1747 1168 1809 qua

55 1888 58 1895 .
89 1833 250 1897 exstitisse
281 1834 429 1897 mirabile
456 1840 514 1913 est,
546 1854 642 1915 quem
665 1853 725 1915 ego
747 1852 876 1896 currum
900 1836 957 1895 aut
978 1850 1077 1913 quam
1097 1827 1165 1891 lau·

78 1954 150 1998 cum
172 1940 230 1999 tua
252 1934 437 1999 laudatione
460 1933 662 1999 conferrem?
695 1953 770 1997 nam
794 1932 836 1997 ad
857 1952 962 1996 meum
984 1950 1112 1994 sensum
1135 1935 1168 1992 et

56 2034 110 2098 lud
140 2034 298 2100 sincerum
325 2056 363 2101 ac
384 2035 503 2101 subtile
524 2035 678 2100 iudicium
700 2033 780 2098 nihil
803 2038 910 2117 potest
932 2052 998 2097 esse
1019 2028 1167 2094 laudabi-

55 2156 139 2217 [uam
161 2156 199 2200 ea
219 2141 280 2200 tua
302 2137 426 2214 oratio,
459 2141 614 2220 quaeest
640 2134 681 2199 ad
707 2154 758 2198 me
783 2132 963 2217 perscripta
981 2153 1001 2196 a
1018 2128 1096 2193 meis
1112 2147 1167 2194 no-

55 2235 112 2299 riis
155 2236 217 2300 Sed
239 2257 370 2301 causam
390 2257 481 2301 meae
501 2236 680 2301 voluntatis
701 2274 742 2285 -
763 2255 828 2299 non
850 2233 935 2298 enim
953 2231 1058 2296 dicam
1076 2228 1164 2312 cupi·
1192 2245 1209 2296 2

55 2459 374 2468 ——ss-

56 2660 62 2671 .
96 2620 160 2674 Wie
178 2622 271 2676 Cicero
288 2622 328 2675 im
346 2621 452 2677 Herzen
469 2623 539 2676 iiber
580 2624 679 2689 (Andr.
697 2622 743 2688 IV,
760 2625 784 2689 3,
804 2623 835 2675 13
854 2618 971 2685 :729);
988 2617 1042 2670 den
1061 2615 1167 2669 Positiv

66 2705 268 2774 Abstimmung
294 2705 410 2770 dachte,
444 2705 537 2775 zeigen
581 2708 632 2762 hat
659 2708 751 2761 Cicero
778 2706 807 2758 in
833 2705 887 2758 den
914 2702 1044 2754 fritheren
1071 2697 1168 2751 Redon

58 2793 118 2841 orte
134 2792 194 2842 ntt.
212 2788 272 2856 VII,
293 2792 317 2856 2,
335 2793 366 2844 7:
384 2790 540 2841 Hortensiae
582 2791 671 2860 (Verr.
689 2792 737 2856 III,
748 2791 808 2842 136:
826 2804 899 2839 roomo
918 2795 961 2852 ent,
983 2786 1045 2852 quin
1063 2783 1168 2833 andiaco

55 2875 127 2938 uerit,
145 2890 206 2923 aveo
223 2875 298 2940 scire,
309 2873 370 2923 Coto
387 2873 451 2939 quid
465 2882 539 2939 aqut·
582 2893 608 2927 ae
684 2874 783 2941 liquido
801 2874 905 2933 diceret;
924 2870 970 2935 IV,
989 2869 1053 2920 124:
1075 2867 1168 2933 coufir-

55 2957 131 3006 u'dem
157 2960 185 3008 in
210 2974 249 3008 me
266 2959 378 3022 turpiter
388 2959 446 3022 fuit
463 2960 541 3008 male·
581 2977 653 3011 marc
671 2960 724 3020 hoc,
742 2958 848 3023 iudices,
866 2953 964 3021 liquido
978 2950 1093 3016 poenum)
1109 2948 1168 3002 und

73 3040 145 3090 dedit
161 3041 330 3107 integritatis,
348 3043 467 3109 institiae,
494 3042 540 3092 cle·
583 3044 636 3098 den
654 3041 766 3095 Briefen
787 3041 852 3093 fam.
879 3038 927 3103 XI,
952 3038 993 3102 27,
1019 3037 1050 3088 7:
1069 3033 1166 3100 liquido

55 3141 73 3189 e,
95 3124 164 3190 fidei
180 3123 242 3174 mitt
260 3125 446 3188 testimonium,
472 3126 541 3191 quod
582 3144 687 3193 neyaro.
704 3153 737 3163 -
754 3127 777 3175 ci
802 3142 854 3174 'nou
871 3123 945 3173 modo
963 3115 1059 3186 omnes]
1078 3133 1168 3182 wenn,

55 3209 198 3269 inerciam,
225 3208 294 3272 quod
306 3209 477 3276 postulabam,
497 3226 540 3259 ne·
582 3210 626 3265 ioh
644 3210 702 3263 will
720 3207 799 3261 nicht
817 3223 902 3276 sagon
917 3204 1007 3271 (nicht
1015 3201 1098 3269 etwa)
1110 3202 1168 3255 lau·

68 3291 163 3356 Itaque
174 3291 268 3341 Caesar
285 3293 317 3342 iic
335 3292 434 3358 litteris,
448 3295 539 3358 quibua
582 3299 632 3362 ter,
650 3294 717 3347 aher
735 3291 803 3345 doch
830 3307 884 3343 nur
909 3288 980 3343 viole
1004 3288 1090 3341 Lauta
1117 3285 1168 3338 wie

55 3375 186 3425 rutulutur
204 3383 228 3424 et
236 3377 322 3426 counio
333 3377 478 3443 pollicetur,
490 3395 539 3443 quo
581 3379 658 3432 Cato.
676 3378 730 3431 PA.
750 3376 783 3442 ΙΙ,
802 3377 842 3439 12,
859 3375 883 3426 2.
901 3371 952 3426 ES.
970 3368 1028 3439 349,
1045 3374 1128 3422 Anm.
1142 3370 1166 3420 4.

56 3460 168 3510 excultat
188 3461 290 3510 Catonia
315 3461 344 3510 in
361 3477 399 3511 me
417 3462 538 3525 ingratia·
580 3478 738 3511 -currum
757 3468 802 3509 aut
879 3455 1005 3522 laureum]
1023 3455 1168 3508 distasse-

55 3545 165 3593 ciariis!
199 3542 250 3596 Die
269 3541 480 3611 Verntimmung
502 3544 540 3597 ist
581 3563 630 3599 ren
653 3543 772 3598 Zeichen
798 3542 846 3596 des
864 3539 1015 3607 Triumphe
1040 3538 1085 3592 rur
1111 3537 1165 3590 deu

56 3644 74 3679 n
92 3626 198 3679 diesem
216 3625 540 3681 verbindliohenSchrei-
581 3628 718 3696 Triumph
736 3627 829 3680 solbet.
848 3654 878 3662 ·-
897 3626 933 3677 ad
950 3624 1018 3675 illud
1096 3622 1164 3671 iudi·

55 3709 257 3763 rrchzufiihlen.
582 3710 658 3779 cium]
676 3712 743 3761 illud
762 3711 887 3762 iudicium
905 3705 1085 3761 stelltCicero
1102 3702 1166 3756 dem

58 3803 131 3843 cetus
149 3794 216 3858 cum]
235 3811 269 3845 zu
287 3810 331 3861 ep.
349 3794 391 3858 24,
399 3798 423 3849 7.
443 3823 472 3830 -
488 3796 539 3859 opi·
582 3796 642 3849 ihm
650 3793 899 3849 vorschwebenden
917 3790 1167 3843 lronindiciumeut·

55 3893 128 3944 nep.
146 3878 188 3943 49,
205 3879 229 3930 3.
249 3907 280 3916 -
307 3875 446 3945 dialectice]
465 3877 540 3932 siaha
583 3896 671 3948 gegen
689 3879 746 3931 und
765 3874 1037 3940 bezeichnetdamit,
1059 3871 1098 3924 im
1115 3868 1167 3923 Ge·

55 3960 235 4029 ifangsworte
252 3961 281 4013 in
300 3959 380 4014 Catos
398 3960 496 4016 Briefe.
510 3991 538 4000 -
582 3968 713 4032 gensatze
731 3980 764 4016 zu
782 3962 831 4015 der
840 3957 1051 4029 gewiihnlichen
1068 3954 1167 4022 (popu-

55 4046 150 4111 liquido
176 4047 278 4096 veritati
308 4046 393 4114 darec]
411 4044 476 4099 ‘was
504 4046 540 4100 du
582 4046 671 4115 ihren)
695 4047 864 4112 Auffassung
889 4043 939 4096 der
965 4041 1059 4106 Sache,
1084 4038 1168 4105 disje-

55 4127 541 4198 enklichderWahrheitbewilligen
583 4133 656 4200 nige,
682 4131 727 4184 die
744 4128 822 4182 nicht
837 4128 883 4193 int,
909 4126 976 4180 aber
1002 4125 1062 4178 sein
1088 4122 1167 4176 sollte

55 4215 105 4277 st’,
123 4228 182 4265 nun
199 4212 267 4265 aber
284 4212 348 4265 host
356 4212 394 4265 du
412 4213 482 4266 auch
492 4212 541 4266 der
583 4214 638 4282 (die
663 4213 769 4281 ideale),
796 4213 841 4266 die
867 4211 924 4265 rich
949 4227 1003 4262 nur
1027 4209 1073 4262 bei
1099 4209 1167 4263 Cato

55 4295 160 4349 lschait
168 4312 256 4364 gagen
267 4294 341 4348 mich
358 4314 392 4349 zu
401 4295 485 4350 Liebc
497 4313 542 4366 ge·
582 4298 664 4352 finde.
681 4326 714 4336 -
732 4315 749 4348 c
765 4300 827 4349 metr
844 4292 1005 4362 necessariis]
1023 4312 1045 4346 z.
1065 4293 1095 4346 Β.
1113 4307 1167 4345 von

55 4378 541 4448 ,en3liquidolparalleldemlibentcr)
583 4381 682 4448 Ciiliun,
700 4381 755 4450 vgl.
773 4380 839 4434 fam.
857 4380 930 4446 VIII,
957 4383 997 4447 ll,
1022 4381 1055 4431 2:
1075 4376 1168 4428 Catoni

55 4462 108 4516 lich
123 4462 300 4530 juristincher
317 4462 462 4517 Ansdruck
480 4463 542 4517 ‘mit
646 4467 692 4532 qui
719 4465 752 4516 de
777 4474 800 4516 te
826 4465 924 4515 locutus
953 4463 1093 4530 honorifice
1115 4476 1173 4509 nou

80 4545 244 4611 Gewinsen',
275 4550 332 4600 orst
356 4546 410 4601 seit
436 4546 541 4604 Torenz
583 4550 706 4605 decrerat
723 4551 939 4620 supplicationes.
962 4546 1035 4619 igi.
1050 4544 1144 4613 andri
1159 4543 1177 4558 “
