2602 4890
107 208 173 271 206
606 206 652 260 Ad
668 207 734 262 fam.
752 206 788 273 11,
806 210 830 261 l.
1202 206 1229 277 [E

113 392 229 453 meum,
261 392 360 455 quam
380 371 558 435 iucundum
579 372 712 455 requiri,
733 374 924 456 praesertim
946 394 1030 453 cum,
1050 378 1087 439 in
1108 394 1175 460 quo
1196 395 1229 441 ac

110 471 184 549 bar,
206 471 302 556 culpa
319 493 477 552 vacarem,
497 473 531 536 in
549 492 615 555 quo
634 478 745 540 autem
762 472 944 540 desiderare
961 481 995 540 te
1011 474 1221 558 significabas

113 572 249 651 litteras,
271 593 350 656 prae
368 581 401 638 te
417 573 517 639 ferres
535 579 741 658 perspectum
758 573 838 638 mihi
852 574 993 658 quidem,
1010 575 1069 639 sed
1080 577 1229 642 tamendv

113 680 148 740 et
169 678 317 757 optatum
338 694 483 740 amorem
501 679 603 738 tuum.
645 673 804 757 Equidem
821 677 982 741 neminem
999 678 1213 760 praetermisi,

114 774 242 857 quidem
275 773 316 839 ad
345 780 379 839 te
399 781 629 857 perventurum
651 781 820 857 putarem,
853 776 905 841 oni
925 776 1056 842 litteras
1076 798 1144 843 non
1166 779 1229 844 ded

114 875 233 941 etenim
254 875 327 957 quis
348 878 397 939 est
419 880 488 938 tam
510 871 681 938 scribendo
704 874 839 957 impiger
860 896 960 958 quam
981 876 1068 958 ego?
1087 898 1109 941 a
1133 885 1165 943 te
1182 900 1229 944 ver

114 983 205 1041 terve·
223 994 384 1040 summum
406 979 439 1038 et
460 993 515 1038 eas
536 973 706 1056 perbreves
729 977 846 1058 accepi.
884 975 1022 1057 Quare,
1044 978 1071 1042 si
1093 978 1225 1062 iniquus

114 1099 164 1143 me
190 1076 296 1155 iudex,
328 1073 551 1140 condemnabo
573 1074 684 1139 eodem
706 1095 765 1156 ego
788 1082 821 1140 te
843 1076 991 1158 crimine3
1022 1077 1072 1144 sin
1096 1100 1147 1144 me
1167 1080 1200 1144 id
1224 1091 1229 1144 1

114 1178 212 1255 noleS,
235 1184 267 1240 te
290 1175 370 1239 mihi
391 1194 530 1257 aequum
553 1174 710 1257 praebere
731 1175 872 1244 debebis.

198 1277 261 1342 Sed
280 1277 317 1340 de
338 1276 456 1340 litteris
479 1275 651 1354 hactenus;
675 1297 740 1340 non
762 1277 846 1341 enim
870 1298 990 1360 vereor,
1012 1301 1053 1344 ne
1070 1301 1137 1345 non
1155 1282 1229 1345 scril

114 1387 148 1446 te
167 1378 322 1461 expleam,
346 1377 535 1458 praesertim
556 1377 583 1440 si
605 1375 639 1439 in
657 1397 695 1441 eo
712 1397 828 1458 genere
846 1378 989 1443 studium
1007 1400 1116 1444 meum
1134 1403 1201 1447 non
1219 1405 1229 1447 ε

69 1474 92 1526 2
119 1481 247 1546 nabere.
302 1477 372 1559 Ego
403 1483 436 1541 te
467 1477 587 1542 afuisse
618 1485 685 1542 tam
715 1477 773 1542 diu
795 1500 815 1543 a
836 1479 928 1544 nobis
951 1486 984 1544 et
1006 1480 1103 1560 dolui,
1127 1483 1217 1564 quod

115 1584 223 1646 fructu
245 1578 494 1642 iucundissimae
517 1577 767 1656 consuetudinis,
788 1585 822 1642 et
841 1579 956 1658 laetor,
978 1580 1066 1663 quod
1085 1581 1203 1647 absens
1221 1605 1229 1648 <

116 1702 189 1745 cum
222 1680 364 1744 maxima
394 1677 553 1760 dignitate
584 1699 616 1742 es
647 1685 837 1744 consecutus
859 1680 1011 1763 quodque
1033 1682 1068 1745 in
1089 1684 1229 1749 omnibu

115 1781 213 1847 rebus
243 1781 322 1845 meis
349 1780 470 1861 optatis
490 1778 624 1843 fortuna
650 1779 825 1862 respondit.
868 1780 967 1846 Breve
990 1786 1049 1861 est,
1079 1783 1172 1865 quod
1194 1807 1229 1849 mr

116 1883 300 1965 praecipere
326 1900 415 1944 meus
437 1877 634 1943 incredibilis
655 1880 688 1942 in
710 1885 742 1945 te
763 1867 854 1946 amor
876 1881 980 1964 cogit:
1012 1887 1108 1947 tauta
1129 1892 1180 1949 est
1201 1906 1229 1950 er

116 1982 200 2047 tatio
222 1981 272 2045 vel
292 1980 392 2045 animi
414 1980 463 2044 vel
484 1979 605 2062 ingenii
627 1979 687 2058 tui,
717 1987 756 2045 ut
776 2001 836 2062 ego
857 1986 890 2046 te
912 1981 1084 2048 obsecrare
1105 1983 1229 2051 obteste

116 2104 182 2148 non
204 2081 358 2160 dubitem,
381 2082 426 2145 sic
447 2079 490 2147 ad
511 2101 570 2145 nos
592 2080 801 2147 confirmatus
817 2087 989 2160 revertare,
1011 2086 1059 2162 ut,
1081 2104 1183 2166 quam
1200 2107 1229 2150 er

115 2173 272 2248 tationem
294 2181 344 2246 tui
362 2182 541 2261 concitasti,
560 2179 644 2245 hanc
661 2182 815 2246 sustinere
830 2202 868 2246 ac
885 2183 970 2247 tueri
987 2183 1104 2265 possis3
1124 2190 1158 2249 et
1177 2208 1229 2272 qu(

117 2304 221 2348 meam
245 2290 377 2348 tuorum
399 2304 476 2365 erga
498 2304 548 2347 me
571 2282 759 2348 meritorum
781 2283 970 2349 memoriam
991 2285 1084 2350 nulla
1102 2306 1229 2370 umque:

117 2383 198 2449 lebit
228 2383 356 2464 oblivio,
389 2390 422 2449 te
443 2405 534 2466 rogo,
566 2389 603 2448 ut
625 2385 814 2463 memineris,
837 2391 1118 2468 quantaecumque
1140 2387 1229 2454 tibia

114 2486 223 2550 aiones
252 2483 331 2550 fient
361 2490 394 2549 et
425 2485 577 2551 fortunae
607 2491 639 2551 et
661 2484 837 2568 dignitatis,
871 2506 925 2550 eas
948 2493 979 2551 te
1000 2506 1065 2552 non
1087 2489 1229 2569 potuisse

114 2943 152 2978 ,zu
170 2941 213 2991 ep,
232 2926 273 2990 20,
290 2924 316 2976 4,
335 2951 365 2964 υ-
384 2923 503 2972 accusari
579 2923 705 2994 officiam]
748 2919 911 2975 hdcbstens:
928 2922 973 2976 die
989 2923 1061 2977 Zahl
1072 2926 1229 2980 wirdnicbt

119 3003 704 3071 nichtiiberdiePflicht,s0nderniiberdie
748 3003 918 3072 angegeben,
944 3008 1007 3061 weil
1024 3025 1053 3062 es
1074 3009 1192 3066 einerlei
1217 3012 1227 3063 i

117 3088 703 3159 NichterfiillungderPflichtwirdgeklagt3
750 3087 803 3140 viel
829 3087 952 3144 dieselbe
977 3091 1107 3162 betrdgt:
1137 3094 1229 3164 Konju

118 3175 180 3244 Vgl.
192 3178 252 3228 Att.
262 3176 282 3241 1,
293 3177 316 3241 ὃ,
326 3177 355 3228 3:
379 3176 419 3225 De
429 3176 572 3226 litterarum
587 3175 704 3225 missione
748 3189 778 3224 ve
796 3172 863 3227 oder
880 3182 928 3224 out
945 3172 1006 3242 (pro
1016 3175 1074 3230 Mil.
1086 3179 1128 3231 12:
1146 3188 1229 3244 pantu

123 3262 323 3312 rinecauaoobe
337 3270 490 3311 teuscueor:
508 3258 571 3313 d.b.
585 3258 648 3312 dass
661 3258 707 3312 ich
749 3273 873 3306 summum
890 3259 1030 3326 quinque);
1055 3261 1112 3329 vgl.
1138 3264 1189 3316 δύο
1214 3257 1229 3332 ἢ

118 3345 166 3398 dir
177 3362 206 3398 so
216 3345 307 3412 wenig
317 3343 451 3411 schreibe3
461 3342 562 3397 eberiso
573 3342 619 3409 IV,
629 3344 669 3410 16,
680 3347 706 3397 1:
749 3338 881 3408 Dagegen
900 3342 936 3392 bie
954 3351 1048 3408 terque,
1066 3347 1108 3404 δὶς
1126 3352 1173 3399 καὶ
1194 3367 1229 3415 τρι

123 3429 155 3478 de
165 3428 335 3492 epistolarum
345 3429 495 3493 frequentia
504 3435 526 3477 te
536 3428 705 3477 rrikitaceuso.
749 3421 916 3493 Steigerung
947 3424 995 3478 der
1021 3424 1106 3480 Zahl:
1142 3430 1229 3483 zwein

119 3510 212 3565 Sohon
240 3509 319 3564 Hom.
346 3510 378 3563 ll.
395 3512 428 3574 A,
446 3512 488 3564 65:
521 3510 706 3577 excaecaverat
749 3506 881 3560 dreimal:
907 3518 1027 3575 aterque
1044 3519 1189 3577 quaterque
1207 3513 1229 3562 be

184 3595 356 3662 exerendae:
384 3609 478 3662 wegen
513 3593 592 3648 einer
618 3592 707 3660 (nicht
749 3589 847 3659 Virgil.
865 3618 897 3628 -
915 3593 1229 3658 ei·.·o⁰oa⁸permabere

124 3676 357 3748 dargebrachten)
375 3676 558 3732 Hekatombe.
568 3679 637 3728 -in
648 3675 706 3745 qao]
749 3675 794 3729 dir
810 3675 955 3730 indierem
966 3674 1160 3731 Punktemein
1170 3678 1229 3731 Eiie

118 3765 150 3816 in
168 3762 327 3830 Beziehung
345 3760 568 3825 aufdenPunkt‚
579 3760 706 3816 woriibfl‘
749 3759 835 3828 ldttig
852 3759 898 3813 ist.
932 3746 1009 3813 Uber
1023 3777 1106 3826 genoe
1124 3779 1158 3815 au
1169 3765 1229 3829 epi

121 3878 203 3902 ...—
220 3844 329 3912 dvdeem]
349 3844 552 3898 ‘wohlthuend'.
574 3874 608 3883 -
633 3863 706 3912 quem
781 3844 806 3895 2.
824 3843 1229 3914 oarnin...eseonrecutus]wir

119 3933 223 3998 quidem
310 3927 363 3997 oui]
390 3946 423 3982 zu
451 3928 514 3982 dem
541 3927 703 3982 Verh'atltnio
749 3925 836 3991 nicht,
862 3926 949 3979 worin
977 3925 1064 3980 dieses
1089 3925 1219 3983 bestand.

119 4016 170 4068 der
189 4014 377 4068 Relativs'a'tze
405 4013 460 4081 vgl.
479 4011 523 4065 die
546 4029 617 4081 ganz
636 4011 705 4064 dhn·
749 4011 830 4060 ocimi
847 4007 1011 4078 octingenti]
1030 4011 1090 4065 ‘soll
1113 4012 1159 4066 ich
1183 4030 1229 4082 sag

121 4098 193 4151 liche
212 4097 296 4151 Stelle
314 4095 372 4149 Mil.
390 4097 439 4150 87:
457 4096 524 4147 nibil
541 4104 596 4146 erat
622 4097 706 4145 caius·
748 4093 831 4147 oder'.
848 4121 882 4131 -
899 4102 1002 4144 tomum
1028 4110 1092 4159 erpo
1118 4112 1160 4147 me
1177 4115 1229 4148 mer

120 4198 206 4247 peram,
224 4180 293 4247 qnod
309 4180 627 4247 quidemilleadomaeeet,
638 4179 707 4244 quod
748 4176 831 4231 Curio
848 4192 906 4230 war
922 4176 987 4230 dem
1005 4177 1035 4231 P.
1052 4177 1164 4233 Clodius
1182 4180 1226 4235 bei

122 4283 175 4315 rom
193 4265 239 4315 boe
257 4282 326 4315 corno
343 4280 418 4314 ouum
428 4265 491 4329 fore
504 4261 706 4331 putaret,·N'dg.
748 4261 923 4330 Bewerbung
949 4277 997 4314 um
1027 4261 1078 4314 das
1106 4261 1229 4316 Tribuno

119 4346 182 4400 Stil.
202 4349 257 4413 151,
274 4350 298 4400 2.
321 4376 349 4387 -
368 4347 502 4398 scribendo
520 4343 637 4414 impiger]
655 4345 707 4401 wie
748 4361 839 4415 gagen
858 4347 998 4413 getreten,
1017 4343 1088 4397 auch
1115 4344 1197 4400 hatte
1215 4363 1229 4400 e

121 4432 258 4499 neglegens
275 4431 409 4483 scribendo
431 4431 496 4485 fam.
514 4430 605 4498 111‚o,
630 4433 655 4485 3.
673 4461 706 4470 -
748 4428 799 4482 her
815 4428 924 4483 Ciceros
942 4426 1202 4499 Zuriickberuiung
1222 4448 1229 4484 ι

116 4516 158 4554 ³¹·
260 4512 397 4584 summam]
414 4515 482 4570 awei
499 4514 566 4571 oder
578 4513 709 4571 dreitdai
748 4511 941 4581 Verbannung
968 4508 1077 4566 lebhaft
1104 4516 1229 4568 untersti
