2602 4890
392 201 438 254 Ad
454 201 520 255 fam.
537 201 572 268 X,
591 203 630 254 12.
1056 204 1116 267 459

55 367 159 451 >liquit
177 373 209 433 et
225 367 260 431 in
278 366 344 432 alia
361 367 470 432 omnia
486 366 640 444 discessit,
658 386 812 450 meaeque
828 368 1015 446 sententiae,
1034 388 1118 451 quae

74 468 288 551 pronuntiata
318 472 398 547 erat,
430 486 504 531 cum
524 466 710 551 frequenter
737 467 953 532 adsentiretur
973 475 1115 545 senatus,

55 567 168 633 iervilii
185 566 218 632 P.
236 566 341 633 Titius
362 568 555 632 intercessit:
579 567 679 632 resin
697 572 864 650 posterum
882 568 993 632 dilata.
1016 567 1114 632 Venit
1138 580 1161 631 4

63 668 229 748 ServiliuS,
251 669 319 733 lovi
338 667 400 750 ipsi
418 667 558 751 iniquus,
577 667 668 732 cuius
685 668 719 731 in
736 668 858 750 templo
876 688 927 733 res
950 667 1117 749 agebatur.

55 789 125 833 nem
147 768 189 833 ad
212 769 341 833 modum
365 767 517 850 fregerim
548 773 736 851 quantaque
766 768 973 833 contentione
995 766 1116 833 Titium

55 890 154 936 sorem
177 868 358 948 obiecerim,
381 889 420 932 ex
442 867 579 933 aliorum
603 874 636 931 te
657 868 774 932 litteris
797 869 882 932 malo
905 888 1115 949 cognoscere;

59 991 97 1035 oc
119 990 158 1034 ex
179 971 265 1033 meis.
309 968 447 1033 Senatus
470 967 611 1051 gravior,
645 968 856 1045 constantior,
888 967 1021 1032 amicior
1052 969 1116 1032 tuis

55 1092 63 1135 ι
85 1089 239 1134 essenon
261 1070 376 1151 potuit,
398 1090 497 1151 quam
518 1076 589 1133 tum
610 1068 692 1147 fuit3
723 1089 782 1132 nec
805 1089 879 1133 vero
900 1068 963 1132 tibi
985 1073 1116 1132 senatus

65 1191 164 1254 quam
186 1175 302 1234 cuncta
323 1168 455 1248 civitas3
477 1169 669 1234 mirabiliter
691 1170 776 1233 enim
793 1169 934 1252 populus
951 1170 1117 1234 Romanus

55 1292 79 1335 rs
102 1276 134 1335 et
157 1269 298 1335 omnium
323 1290 477 1351 generum
495 1269 709 1352 ordinumque
727 1290 900 1336 consensus
918 1270 958 1334 ad
977 1270 1116 1334 liberan-

55 1391 75 1433 n
96 1369 260 1453 publicam
283 1369 486 1452 conspiravit.

57 1491 97 1552 ge
118 1469 228 1551 igitur,
251 1478 288 1534 ut
310 1469 390 1550 agis,
413 1488 592 1553 nomenque
622 1475 717 1534 tuum
739 1470 928 1535 commenda
948 1471 1114 1537 immorta·
1142 1490 1163 1542 5

57 1577 136 1654 tque
158 1570 377 1647 haecomnia,
408 1590 491 1652 quae
522 1570 644 1635 habent
665 1572 803 1653 speciem
825 1571 959 1652 gloriae,
982 1572 1118 1639 collecta

54 1673 106 1735 nis
128 1671 307 1754 splendoris
330 1673 520 1754 insignibus,
543 1678 725 1736 contemne:
749 1672 869 1751 brevia,
893 1672 1032 1754 fugacia,
1064 1695 1117 1739 ca-

55 1771 168 1839 istima.
210 1772 330 1837 Verum
352 1772 450 1837 decus
470 1774 503 1836 in
527 1772 648 1836 virtute
669 1774 813 1855 positum
844 1778 902 1850 est,
934 1793 1019 1855 quae
1049 1795 1117 1840 ma-

55 1880 200 1939 ustratur
223 1875 348 1954 magnis
368 1875 401 1937 in
413 1895 480 1938 rem
492 1873 656 1957 publicam
675 1875 811 1938 meritis:
835 1894 906 1938 eam
923 1874 1116 1940 facultatem

55 1976 224 2053 raximam3
245 1995 342 2057 quam
365 1974 519 2057 quoniam
540 1973 723 2056 complexus
741 1995 784 2053 es,
806 1981 899 2039 tene:
927 1975 1052 2056 perfice,
1076 1982 1114 2041 ut

55 2096 88 2138 us
120 2095 170 2138 res
200 2074 332 2158 publica
362 2076 424 2140 tibi
455 2095 552 2158 quam
585 2080 621 2138 tu
652 2076 700 2139 rei
722 2076 871 2158 publicae
892 2075 1021 2144 debeas.
1063 2077 1116 2142 Me

55 2175 193 2256 gnitatis
223 2197 289 2240 non
319 2175 415 2240 modo
445 2176 618 2254 fautorem,
650 2176 704 2239 sed
727 2174 826 2240 etiam
849 2176 1116 2259 amplificatorem

55 2295 99 2339 es:
123 2275 157 2339 id
179 2296 252 2340 cum
274 2277 321 2340 rei
343 2275 501 2359 publicae,
533 2296 617 2358 quae
639 2276 719 2340 mihi
748 2278 815 2341 vita
837 2283 886 2341 est
907 2299 980 2343 mea
1002 2280 1115 2358 carior,

55 2381 132 2440 strae
154 2377 383 2441 necessitudini
405 2376 523 2441 debere
544 2397 595 2441 me
612 2376 726 2442 iudico.
769 2377 877 2460 Atque
895 2380 928 2442 in
950 2378 1000 2443 his
1018 2381 1116 2461 curis,

55 2476 146 2540 »ntuli
177 2476 219 2541 ad
250 2476 442 2559 dignitatem
473 2483 582 2557 tuam,
623 2477 692 2560 cepi
723 2500 872 2561 magnam
905 2480 1116 2563 voluptatem,

79 2764 160 2818 hatte
194 2764 282 2818 durch
321 2763 496 2831 persdnliche
538 2766 593 2818 Nec
610 2783 650 2817 me
667 2774 753 2830 meoet,
770 2766 839 2832 quod
857 2766 944 2817 scribis
970 2766 1042 2832 „Iovi
1067 2768 1119 2833 ipsi

55 2865 99 2917 :ng
129 2848 183 2901 den
205 2847 406 2901 Vorsitzenden
434 2847 496 2901 Gor·
536 2847 669 2917 iniquam“
698 2846 880 2916 (Pompeium).
922 2848 955 2900 In
979 2848 1117 2916 passivam

55 2931 101 2984 liin
113 2949 147 2984 zu
160 2931 279 3001 bringeri
290 2935 421 3001 gewusst,
431 2932 495 2984 dass
538 2930 606 2985 Sinn
627 2931 783 2999 gebraucht
793 2930 882 2985 Horaz
895 2932 952 2984 Sat.
963 2931 998 2998 II,
1014 2934 1038 2998 3,
1058 2935 1120 2986 123:

55 3032 110 3083 rag
136 3032 224 3084 gegen
254 3015 300 3068 ein
326 3014 496 3084 Belobungs·
538 3018 586 3068 Dis
601 3017 704 3068 inimice
720 3033 804 3068 seam.
822 3046 853 3054 -
868 3014 1004 3082 fregerim]
1016 3015 1079 3068 dass
1090 3032 1120 3068 er

55 3102 125 3151 reret
142 3116 190 3152 eur
208 3098 408 3166 Abstimmung
429 3098 494 3151 kam
537 3101 590 3153 den
597 3098 848 3152 Tribuntrotzdem
859 3098 1125 3152 nichtzurZuriielr·

74 3182 317 3250 pronuntiaretur)=
348 3182 495 3236 ‘uterere
537 3185 639 3237 nahme
663 3184 713 3236 der
739 3183 925 3236 Intercession
946 3182 1115 3249 vermochte,

55 3265 288 3334 lerReihenfolge
304 3268 494 3336 derAntrtige
536 3268 610 3336 zeigt
622 3269 696 3335 fregi
714 3283 757 3334 ep.
784 3268 808 3334 5,
825 3268 849 3319 8.
876 3297 906 3305 -
925 3264 1042 3333 amicior]
1072 3267 1118 3320 ein

55 3350 96 3402 ler
115 3349 196 3404 Hand
214 3352 261 3404 des
275 3350 494 3406 Vorsitzenden’.
535 3350 729 3404 Ehrendelrret
747 3350 792 3402 fiir
817 3350 933 3403 Plancus
960 3350 1026 3403 kam
1053 3349 1119 3405 aber

54 3450 66 3484 r
97 3433 131 3488 R.
162 3433 201 3487 St.
231 3435 280 3502 ΙΙΙ,
313 3437 371 3489 941.
405 3465 433 3473 -
465 3437 493 3487 ia
535 3435 605 3488 doch
617 3435 694 3489 nicht
703 3432 853 3487 zustande:
873 3433 994 3487 dariiber
1005 3434 1117 3488 werden

55 3519 89 3568 ric
122 3517 246 3586 discessit]
281 3520 403 3573 verwarf
435 3521 493 3572 also
536 3519 584 3573 ibn
603 3519 647 3572 die
660 3516 902 3584 philosophischen
921 3517 1118 3586 Erwiigungen

55 3616 104 3669 rag
130 3601 177 3655 des
209 3600 357 3656 Servilius:
388 3621 422 3655 zu
448 3620 492 3670 ep.
535 3604 582 3657 des
614 3601 763 3669 folgenden
794 3601 994 3670 Peragraphen
1027 3602 1120 3669 wenig

55 3712 69 3720 -
99 3686 127 3738 P.
159 3687 239 3737 ditius
268 3684 419 3753 intercessit]
451 3687 492 3738 als
535 3686 674 3755 getrdstet
692 3683 792 3738 haben.

55 3785 101 3821 nn.
133 3769 187 3820 Am
205 3766 316 3821 Schluse
333 3769 381 3822 des
398 3769 494 3822 Proto·
567 3772 591 3824 5.
600 3770 758 3823 haecomnia
768 3808 774 3821 .
785 3808 791 3821 .
802 3766 948 3835 commite]
959 3766 1120 3821 Mandenkt

55 3850 84 3903 id
105 3851 198 3905 dann:
224 3854 283 3905 haic
307 3862 410 3906 eerratm
435 3870 492 3904 corr·
536 3855 581 3907 bei
598 3855 692 3907 diesen
710 3852 906 3921 pathetischen
930 3850 1047 3905 Worten
1069 3868 1123 3903 un-

55 3937 141 3988 reuse
169 3938 199 3989 P.
232 3938 313 3989 rutae
336 3946 370 3989 tr
399 3938 438 4004 pi.
467 3934 493 3988 S.
535 3937 701 3991 willkiirlich
719 3954 755 3991 an
773 3935 817 3990 die
835 3934 941 4001 Worte,
959 3935 1011 3987 mit
1029 3934 1118 3987 denen

55 4017 233 4072 sbeschliisse
256 4019 300 4074 bei
317 4019 409 4073 C'a'lius
427 4019 493 4073 fam.
536 4038 557 4074 s
576 4021 606 4073 Ζ,
625 4021 693 4074 (lato
702 4020 811 4074 Ciceros
822 4017 988 4086 Ansprucbe
999 4017 1048 4070 aui
1063 4017 1118 4070 den

55 4103 119 4157 Ι-Θ.
535 4104 673 4170 Triumph
691 4103 909 4172 abgelehntt
859 4102 909 4155 hat
910 4105 950 4155 te:
969 4117 1011 4168 ep.
1029 4101 1070 4154 55
1086 4131 1118 4140 -

55 4182 133 4254 mplo]
160 4185 209 4240 auf
232 4185 295 4240 dem
319 4185 492 4253 Kapitol-
534 4207 592 4243 eom
604 4184 879 4254 focubatem]=eias
895 4204 935 4239 ret
929 4187 1118 4252 'rfacultctem

55 4266 153 4338 nqeue]
165 4270 224 4323 also
236 4269 301 4325 sehr
313 4285 426 4337 zormg
444 4269 493 4323 der
536 4290 569 4325 zu
587 4289 629 4339 ep.
655 4274 712 4333 108,
733 4272 812 4324 2.-
837 4272 940 4338 perfice,
964 4279 995 4322 ut
1015 4288 1069 4323 ne.
1088 4267 1119 4337 ..]

73 4352 183 4407 scheint
209 4352 432 4421 sprichwdrtlioh
458 4372 492 4407 zu
535 4372 582 4408 um
600 4355 646 4409 die
664 4354 749 4422 Folge
767 4353 807 4407 ala
825 4352 887 4406 eine
913 4353 1058 4408 beabsicht
1046 4354 1120 4422 tigte

55 4435 172 4505 fmnnn);
212 4439 274 4491 att.
302 4435 363 4504 VII,
390 4438 430 4504 15,
459 4439 492 4490 2:
535 4438 736 4493 daraustellen:
754 4436 845 4491 daber
863 4438 944 4492 nicht
961 4448 989 4491 at
1006 4455 1067 4490 non.
