2602 4890
111 172 174 234 434
336 214 339 219 .
544 165 589 219 Ad
606 166 670 219 Iam.
688 165 722 232 X,
741 170 764 220 1.
781 166 844 233 XII,
861 169 885 219 3.
1123 167 1209 239 [ΕΜ

111 335 332 403 incumberes:
357 353 442 417 quae
466 333 493 396 si
514 332 555 397 ad
578 338 671 395 tuum
694 337 822 415 tempus
843 333 1041 415 perducitur,
1069 335 1173 401 facilis
1200 358 1209 419 g

110 437 202 503 natio
224 442 291 514 est3
314 447 352 499 ut
369 433 567 517 perducatur
585 439 703 510 antem,
722 454 859 515 magnae
876 454 950 497 cum
968 433 1157 517 diligentiae
1174 459 1209 503 es

15 538 23 547 ”
112 537 211 602 etiam
234 536 394 602 fortunae.
569 528 572 536 '

69 654 86 705 3
196 635 260 701 Sed
281 640 314 699 et
335 640 368 698 te
387 634 556 716 aliquanto
580 639 667 714 ante,
690 639 728 698 ut
749 654 855 718 spero,
884 635 1081 702 habebimus
1103 645 1146 718 et,
1177 663 1209 724 pr

111 759 210 822 quam
231 735 320 820 quod
341 735 388 799 rei
405 734 556 818 publicae
574 735 741 799 consulere
758 734 920 815 debemus,
942 743 1054 803 tamen
1071 745 1151 806 tuae
1169 741 1209 824 dir

110 839 160 904 ita
180 838 332 915 favemus,
357 840 396 899 ut
418 856 510 900 omne
532 842 681 900 nostrum
702 835 873 901 consilium
894 837 1050 918 studium,
1077 839 1209 906 officiun

111 960 192 1017 ram,
210 937 354 1002 laborem
373 934 575 1017 diligentiam
593 934 635 999 ad
654 936 898 1019 amplitudinem
917 943 1009 1003 tuam
1027 942 1209 1007 conferamu

112 1038 263 1102 facillime
284 1046 317 1100 et
337 1037 385 1100 rei
406 1034 566 1118 publicae,
596 1056 679 1118 quae
709 1035 790 1099 mihi
811 1037 979 1103 carissima
1008 1046 1068 1119 est,
1101 1047 1135 1105 et
1158 1064 1209 1107 am

113 1144 253 1216 nostrae,
283 1158 378 1221 quam
412 1135 613 1201 sanctissime
642 1135 736 1201 nobis
766 1135 933 1202 colendam
963 1145 1054 1220 puto,
1088 1162 1139 1206 me
1169 1145 1209 1209 int

113 1239 192 1304 satis
214 1239 386 1304 facturum.

71 1366 89 1417 4
196 1339 352 1405 Furnium
373 1344 522 1402 nostrum
542 1338 629 1400 tanti
647 1357 667 1401 a
683 1343 717 1400 te
734 1335 814 1416 fieri,
837 1344 997 1420 quantum
1015 1339 1118 1424 ipsius
1135 1344 1209 1408 hum

114 1447 146 1505 et
168 1439 311 1521 dignitas
333 1437 488 1521 postulat,
519 1457 579 1501 nec
610 1436 711 1501 miror
732 1442 765 1500 et
787 1437 913 1518 gaudeo
936 1446 1033 1522 teque
1054 1441 1118 1506 hoc
1140 1445 1209 1508 exis

114 1541 196 1620 volo,
218 1538 373 1623 quicquid
394 1539 428 1601 in
449 1559 523 1602 eum
546 1537 649 1601 studii
680 1536 843 1621 officiique
865 1539 1050 1621 contuleris,
1074 1542 1110 1606 id
1130 1544 1177 1609 ita
1197 1568 1209 1608 1

115 1643 229 1724 cipere,
252 1645 291 1703 ut
312 1639 346 1702 in
369 1659 419 1703 me
440 1640 548 1721 ipsum
569 1646 602 1702 te
624 1644 736 1721 putem
757 1639 940 1705 contulisse.

463 1803 638 1870 CXXXHI.
661 1804 718 1890 (ad
739 1805 816 1871 fam.
837 1805 908 1886 XII,
932 1810 975 1892 3.)

166 1959 222 2014 Sor.
240 1959 346 2013 Romae
364 1959 440 2012 inter
457 1975 482 2011 e.
499 1958 526 2011 d.
544 1958 583 2011 Vl
609 1958 680 2012 Non.
698 1962 728 2012 et
745 1975 770 2012 a.
788 1958 814 2011 d.
832 1959 875 2012 III
892 1961 936 2013 vel
954 1961 1027 2028 prid.
1045 1962 1117 2017 Non.
1135 1965 1209 2019 Octol

582 2060 616 2112 A.
634 2058 667 2113 U.
686 2058 714 2112 c.
731 2062 782 2113 710
800 2058 863 2128 (44).

480 2197 482 2201 ⁸
506 2210 662 2277 CICERO
684 2210 829 2278 CASSIO
852 2212 937 2278 SAL.

76 2410 89 2456 1
201 2383 308 2462 Auget
325 2386 403 2445 tuus
420 2380 541 2444 amicus
559 2380 703 2444 furorem
720 2381 753 2444 in
771 2379 857 2445 dies:
876 2381 1017 2463 primum
1035 2382 1070 2445 in
1087 2389 1197 2461 statua,

115 2481 224 2564 posuit
253 2482 286 2544 in
317 2483 438 2559 rostris,
470 2480 634 2562 inscripsit
664 2507 1030 2556 inenarrorrmnnnnrro,
1064 2489 1102 2547 ut
1130 2503 1188 2547 non

114 2582 233 2662 sicarii,
265 2582 322 2646 sed
352 2582 418 2646 iam
448 2582 545 2645 etiam
577 2579 759 2663 parricidae
780 2581 973 2661 indicemini,
1000 2583 1209 2664 quiddico,i1

114 2683 219 2746 mini?
241 2683 420 2746 iudicemur
442 2682 569 2764 potius;
591 2683 690 2745 vestri
713 2683 798 2745 enim
820 2681 1029 2764 pulcherrimi
1051 2683 1128 2747 facti
1147 2683 1209 2747 ille:

115 2803 169 2849 sus
191 2804 242 2847 me
263 2783 441 2866 principem
464 2781 543 2845 dicit
565 2782 670 2845 fuisse.
692 2781 828 2846 Utinam
849 2782 979 2865 quidem
997 2783 1146 2848 fuissem!
1164 2782 1209 2847 mo]

115 2883 208 2948 nobis
230 2904 295 2948 non
317 2888 407 2950 esset.
429 2881 492 2947 Sed
514 2882 576 2947 hoc
598 2887 740 2946 vestrum
764 2889 830 2961 est;
858 2883 947 2965 quod
973 2885 1124 2967 quoniam
1147 2904 1208 2969 prae

114 3151 241 3222 pueritia]
268 3172 301 3206 zu
328 3171 371 3221 ep.
397 3155 438 3219 51,
458 3155 497 3206 16.
512 3183 548 3210 ,-
566 3155 604 3204 ud
629 3163 703 3204 tuum
744 3155 814 3204 viam
839 3154 975 3219 legionibus
1002 3154 1170 3206 Macedonicis
1193 3169 1209 3218 ql

116 3249 215 3304 tempus
232 3237 275 3288 bis
292 3255 326 3289 zu
345 3237 454 3290 deinem
472 3235 618 3288 Konsulat.
744 3255 809 3304 quus
834 3238 880 3288 eibi
904 3239 1042 3290 conciliare
1068 3240 1209 3305 pecunius

149 3324 174 3372 4.
193 3320 335 3386 Furnium]
355 3319 408 3388 (ep.
427 3323 459 3373 76
477 3319 535 3372 und
553 3323 593 3384 77,
613 3318 638 3387 1)
657 3319 703 3372 da·
745 3338 836 3387 eoaque
853 3322 888 3371 ad
905 3323 994 3373 urbem
1020 3325 1148 3375 adducere
1168 3319 1209 3372 eti

117 3404 186 3455 malr
202 3403 293 3471 Legat
320 3402 367 3456 des
385 3403 502 3456 Plancus
530 3403 559 3455 in
585 3402 703 3455 Gallien.
745 3405 813 3456 cibus
830 3405 922 3455 metris
939 3407 1081 3466 collocare,·
1109 3400 1209 3457 dreiod

29 3518 42 3535 .
119 3515 149 3522 -
176 3488 295 3554 quicquid
376 3487 465 3550 erudiit
495 3485 704 3554 Verberserung
746 3486 821 3554 Tage
848 3504 898 3540 vor
930 3489 1020 3540 seiner
1047 3489 1160 3542 Abreise
1187 3486 1207 3537 la

118 3586 172 3622 von
190 3570 323 3638 Pluygers
342 3570 399 3622 und
411 3570 556 3623 Lehmann
574 3571 619 3622 fiir
636 3572 704 3621 iudi-
746 3573 880 3623 Attentat
906 3571 956 3624 auf
978 3571 1029 3624 ihn
1055 3577 1143 3626 stati:
1171 3570 1200 3623 da

116 3656 166 3707 cii:
184 3655 298 3706 studium
315 3653 373 3706 und
399 3655 515 3720 officium
533 3653 645 3706 werden
663 3653 704 3707 oft
747 3654 804 3706 dies
822 3673 856 3706 zu
874 3655 1024 3708 erwiihnen
1040 3653 1209 3724 gewissnich‘

117 3738 409 3804 zusammengestellt:
436 3754 479 3803 ep.
506 3739 548 3802 20,
574 3740 606 3802 33
629 3738 705 3803 51,5
746 3741 836 3791 laesen
855 3740 944 3802 hiitte,
961 3737 1207 3792 istunserBriefv

118 3823 175 3874 und
203 3824 251 3887 133
287 3823 343 3884 103,
372 3821 414 3886 13;
450 3822 506 3884 104,
524 3825 554 3886 1;
591 3823 647 3887 130,
675 3823 705 3886 4;
745 3821 1200 3890 5.oder6.0ktobergeschrieben

120 3907 176 3972 135,
196 3907 220 3957 3.
747 3907 809 3973 Vgl.
828 3905 885 3958 ΑΕ,
903 3908 944 3957 46.

152 3987 302 4042 CXXXIII.
345 3987 400 4041 Der
426 3987 503 4041 Bries
528 4005 602 4040 mues
631 3987 702 4040 nach
780 3993 803 4041 l.
821 4000 880 4041 tuuc
902 3988 1010 4054 ambus]
1039 3988 1160 4042 ironisch
1177 3990 1209 4039 Ar

119 4071 169 4123 der
195 4088 240 4122 am
258 4073 283 4122 2.
301 4071 424 4124 Oktober
442 4072 610 4140 geheltenen
629 4069 704 4123 Rede
746 4073 819 4126 nach
846 4073 944 4126 Cdsars
964 4070 1146 4140 Ermordung
1165 4071 1208 4123 hat

120 4155 168 4206 des
195 4154 334 4207 Antonius
360 4154 542 4222 geschrieben
560 4155 634 4219 sein;
658 4171 703 4205 am
747 4157 803 4209 sius
830 4173 893 4209 zum
911 4155 1033 4208 Zeichen
1060 4155 1110 4207 der
1128 4154 1206 4219 Einig

120 4241 144 4292 9.
154 4238 277 4291 Oktober
287 4238 372 4290 reiste
382 4238 522 4290 Antonius
535 4237 606 4289 nach
616 4237 705 4289 Brun·
746 4238 886 4292 Antonius
904 4238 1038 4307 gespeist.
1056 4267 1090 4274 -
1102 4242 1209 4290 molatur

120 4320 239 4372 dicium:
265 4320 330 4372 fam.
357 4319 418 4384 XII,
436 4323 476 4387 23,
494 4324 525 4373 2:
552 4340 576 4373 u.
601 4323 625 4373 d.
651 4322 710 4372 VII
746 4320 817 4390 esset]
836 4322 880 4375 ich
907 4322 989 4374 hiitte
1015 4321 1093 4374 dann
1121 4321 1195 4375 nicht

121 4405 163 4456 Id.
184 4406 237 4455 Oct.
255 4405 427 4456 Brundisium
444 4415 500 4457 crat
511 4406 647 4472 profectus
664 4407 705 4455 ob·
746 4422 823 4472 ears,
853 4405 975 4458 eundern
1002 4407 1076 4459 anch
1102 4404 1209 4460 Antonii
