2602 4890
56 192 137 263 roa]
361 194 406 249 ιι
422 193 488 250 am.
505 193 553 262 ιι,
569 197 592 252 e.
610 194 673 263 xm,
692 200 732 254 ιι.
1083 205 1144 269 369

55 381 66 426 ι
85 358 231 438 viderim,
253 379 377 425 omnem
398 376 505 426 meam
527 380 639 427 curam
654 367 765 446 'atque
788 384 919 447 operam
941 366 982 432 sd
1003 367 1145 451 philoso-

68 459 251 528 contulisse.
269 458 358 525 Tuae
375 461 529 527 scientiae
546 462 715 528 excellenti
732 484 771 530 ac
787 465 943 548 singulari
958 489 1023 533 nou
1040 469 1143 536 multo

56 584 132 628 uam
152 567 282 627 nostrae
302 561 451 627 relictum
481 568 531 627 est
561 563 640 644 loci;
681 585 747 648 qua
777 587 813 631 re
841 588 907 633 nou
930 567 1085 652 equidem
1112 576 1145 636 te

57 713 64 742 ‚
86 662 142 729 sed
163 662 243 726 mihi
262 661 312 728 ita
333 663 488 746 persuasi,
510 668 545 729 te
565 684 696 748 quoque
716 667 750 730 in
772 664 872 732 isdem
893 669 1014 734 versari
1034 670 1140 752 rebus,

55 765 152 829 etiam
174 762 202 827 si
223 761 328 826 minus
349 762 548 846 prodessent,
572 765 713 831 animum
736 770 844 832 tamen
873 788 894 833 ι
924 768 1142 838 sollicitudine

55 868 144 929 ιιιιιι.

55 965 148 1028 uvius
169 962 298 1047 'quidem
321 968 398 1028 tuus
419 963 453 1027 in
476 963 626 1029 omnibns
647 964 793 1048 ingenuis
812 968 939 1033 artibus
959 969 993 1032 in
1014 969 1142 1053 primis-

77 1065 149 1143 hac,
170 1063 203 1128 in
225 1084 292 1146 qua
313 1084 374 1146 ego
395 1083 447 1128 me
467 1063 581 1146 scripsi
608 1067 818 1147 acquiescere,
848 1069 896 1134 ita
925 1075 1082 1148 versatur,
1104 1076 1142 1136 ιι

55 1172 89 1245 ις
113 1186 133 1230 ι
153 1185 204 1229 me
224 1183 298 1228 vero
320 1164 366 1228 sic
387 1163 544 1246 diligitur,
562 1170 600 1230 ut
617 1164 678 1229 tibi
700 1167 757 1231 uni
775 1168 954 1248 concedam,
973 1176 1142 1252 praeterea

56 1316 64 1345 ,
87 1265 231 1348 mihique
254 1263 295 1328 ab
317 1284 354 1330 eo
376 1264 486 1346 gratia
506 1265 665 1330 refertur:
697 1267 731 1330 in
753 1288 816 1353 quo
838 1268 893 1333 ille
915 1268 1080 1336 existimat
1100 1309 1142 1320 —

55 1367 139 1433 ’acila
161 1371 319 1449 appareat
338 1402 381 1431 ,-
403 1384 476 1429 eum
497 1386 549 1431 me
571 1366 659 1432 colat
679 1372 712 1433 et
733 1368 895 1451 observet,
926 1369 990 1436 tibi
1011 1390 1141 1455 quoqne

55 1489 83 1534 se
105 1467 210 1533 facere
231 1466 458 1548 gratissimum.
492 1562 494 1566 v

319 1631 758 1721 mmmmm

232 1767 288 1824 Sor.
305 1768 411 1824 Romae
426 1772 545 1825 exeunte
562 1772 595 1824 A.
613 1769 646 1825 U.
664 1770 694 1827 O.
711 1775 761 1826 708
778 1771 841 1840 (46).

107 1957 109 1960 .
143 1885 304 1953 CICERO·
319 1885 349 1952 S.
370 1884 409 1950 Ι).
432 1885 676 1952 CORNIFICIO
699 1886 932 1954 COLLEGAE.

55 2029 121 2089 rata
142 2021 222 2086 mihi
243 2021 445 2086 vehementer
466 2026 514 2086 est
535 2020 691 2086 memoria
711 2021 814 2086 nostri
835 2027 904 2100 tua,
926 2042 1023 2104 quam
1041 2025 1138 2106 signi-
1166 2043 1179 2094 1

66 2123 202 2202 litteris;
235 2142 336 2205 quam
356 2127 393 2187 ut
415 2141 591 2200 conserves,
622 2141 689 2193 non
721 2141 787 2204 quo
808 2121 847 2186 de
869 2126 928 2187 tna
954 2123 1139 2190 constantia

55 2245 87 2304 ιι,
109 2222 164 2287 sed
186 2221 265 2307 quia
284 2242 354 2288 mos
384 2228 433 2286 est
455 2220 504 2287 ita
532 2221 676 2304 rogandi,
708 2242 797 2305 rogo.
849 2221 899 2287 Ex
929 2221 1022 2307 Syria
1041 2222 1137 2289 nobis

55 2325 185 2389 uosiora
206 2322 364 2406 quaedam
386 2322 536 2388 nuntiata
557 2328 643 2401 sunt,
665 2344 759 2405 quae,
781 2323 860 2408 quia
882 2324 944 2389 tibi
965 2330 1042 2389 sunt
1059 2346 1137 2408 pro-

55 2445 138 2508 [ιιιι
152 2422 253 2503 nobis,
268 2430 327 2488 tua
339 2443 390 2486 me
411 2416 510 2487 causa
531 2422 634 2506 magis
647 2430 776 2489 movent
791 2444 891 2507 quam
905 2445 985 2493 mea
1013 2425 1134 2493 Romae

55 2599 512 2668 aaziae]derRechtswissenschaft.
553 2599 647 2666 Asian,
672 2601 725 2654 wie
750 2618 777 2656 cs
796 2601 913 2668 scheint,
937 2618 985 2654 um
1001 2601 1136 2656 zuniichst

55 2686 85 2752 ι]
108 2686 167 2739 und
192 2684 283 2739 dabai.
300 2711 331 2720 -
349 2684 418 2750 quod
426 2683 511 2751 focile
553 2683 597 2737 die
615 2683 808 2753 Bawegungen
825 2686 872 2740 des
891 2685 1087 2755 Pompejaners
1101 2685 1132 2752 Q.

55 2768 68 2838 ἓ]
96 2769 165 2823 iiber
194 2768 248 2823 den
274 2766 451 2835 Konjunktir
477 2785 511 2821 zu
553 2766 668 2821 Ciicilius
694 2767 795 2822 Bassus
822 2768 852 2821 in
877 2768 975 2838 Syrien
1001 2787 1035 2822 zu
1052 2768 1136 2823 beob-

55 2855 71 2907 3.
89 2879 121 2890 -
138 2853 168 2903 ia
185 2849 225 2919 eo]
243 2851 311 2919 geht
326 2849 510 2904 auldenSatz
552 2849 661 2904 achten.
696 2849 794 2906 Diessr
809 2868 867 2905 war
884 2869 938 2906 ron
956 2852 1041 2906 Ciisar
1063 2851 1135 2905 nach

59 2936 127 2987 eolat
144 2936 296 3000 aobeeroet,
312 2934 364 2989 wis
379 2936 510 3002 ep.94,1:
552 2931 602 2986 der
610 2932 740 2988 Schlacht
751 2934 795 2988 bei
806 2933 953 2988 Pharsalus
963 2935 1132 3004 begnadigt:

55 3020 160 3085 liquitur
178 3024 221 3084 eet,
238 3018 277 3071 ri.
551 3018 635 3069 unter
653 3016 715 3069 dem
725 3015 888 3081 Vorwande,
899 3017 944 3071 fiir
954 3018 1051 3072 Cllsars
1061 3016 1135 3070 Bun-

55 3102 81 3169 Q.
108 3100 372 3168 Cornificius,
398 3100 511 3155 Redner
551 3099 743 3168 desgenossen,
761 3100 941 3155 Mithridates
960 3118 1015 3155 von
1032 3100 1135 3170 Perga·

55 3191 109 3239 rter
126 3184 177 3251 (als
190 3183 298 3237 solcher
311 3184 381 3238 auch
399 3188 452 3237 mit
460 3184 510 3239 Ca·
551 3201 624 3251 mon,
643 3202 677 3237 zu
694 3184 823 3253 handeln,
851 3185 931 3240 hatte
956 3202 987 3240 er
1004 3186 1050 3240 ein
1067 3185 1135 3239 klei-

55 3269 177 3325 eundet:
195 3287 216 3323 ι.
234 3286 256 3324 c.
274 3268 326 3336 38),
342 3269 449 3322 scheint
467 3268 509 3323 Ci-
550 3267 683 3323 nesHeer
700 3268 728 3321 in
739 3268 824 3322 Asien
835 3268 1134 3338 zusammengebracht

55 3354 84 3406 ht
93 3370 147 3406 nur
159 3354 200 3406 als
212 3354 312 3421 Augur
329 3352 508 3417 (daheroban
550 3351 607 3404 und
625 3351 688 3405 liess
706 3369 788 3421 sogar
802 3351 855 3406 den
866 3351 1131 3421 StatthalterinSy·
1234 3348 1237 3356 ’

55 3437 203 3504 accitaque),
212 3437 331 3490 sondern
341 3436 411 3490 auch
421 3436 510 3489 durch
551 3434 618 3501 rien,
637 3434 698 3491 Sex.
723 3436 814 3489 Julius
840 3435 932 3503 C'a'sar,
958 3435 1039 3490 einen
1065 3435 1131 3490 Ver-

55 3521 147 3574 rrliebe
168 3520 214 3573 fiir
230 3520 275 3573 die
299 3518 509 3573 Berednamkeit
550 3519 681 3574 wandteu
716 3520 762 3574 des
788 3519 951 3586 Diktators,
975 3520 1130 3574 ermorden.

55 3605 160 3658 tauden
174 3622 208 3657 zu
222 3603 329 3657 haben:
347 3620 390 3653 cos
402 3619 509 3668 magnos
550 3600 710 3656 Cornificius
720 3603 830 3658 scheint
841 3603 941 3672 jedoch
953 3619 1006 3656 nur
1013 3602 1130 3673 geringe

58 3689 123 3742 fam.
141 3687 281 3754 XII,18,1
301 3687 339 3740 ist
356 3686 507 3756 allerdings
549 3683 729 3740 Streitlrriifte
737 3687 767 3739 in
777 3687 862 3740 alsien
880 3686 1129 3756 gehabtzuhabsn

55 3789 102 3825 rue
127 3771 220 3825 Ironie
244 3774 357 3839 gesagt,
385 3768 442 3823 und
468 3771 507 3824 im
549 3768 608 3823 und
626 3768 731 3824 konnte
744 3770 843 3824 darum
862 3772 954 3824 nichts
965 3786 1055 3839 gagen
1065 3769 1131 3822 Bas·

55 3854 125 3908 wird
148 3871 178 3908 er
195 3871 246 3923 gar
271 3853 351 3908 nicht
376 3857 511 3922 genennt.
552 3869 597 3905 ιιι
615 3852 833 3907 unternehmen:
853 3854 949 3908 erstC.
962 3853 1072 3908 Cassius
1086 3869 1132 3921 ge-

64 3936 234 4004 Cornificius,
249 3936 368 3991 welcher
377 3935 427 3989 der
436 3939 509 3990 mut·
550 3935 616 4004 lang
632 3952 669 3999 es,
679 3936 774 3990 diesen
788 3952 836 3990 aur
845 3923 991 4006 Iibergabe
1005 3955 1039 3990 zu
1048 3937 1130 3990 zwin-

58 4040 73 4076 e
91 4021 233 4074 Verfasser
251 4021 301 4074 der
320 4021 460 4072 Rhetorica
472 4023 508 4073 ad
549 4034 611 4088 gon.
639 4018 799 4073 Cornificius
817 4036 875 4074 war
893 4020 932 4072 im
947 4020 973 4074 J.
990 4022 1024 4073 44
1041 4018 1130 4074 Stalt-

55 4107 125 4157 oium
142 4105 188 4169 ist,
207 4103 281 4157 kann
300 4120 331 4157 ar
343 4103 508 4158 nichtiden-
548 4102 641 4156 halter
667 4103 697 4156 in
715 4103 814 4157 Airika
840 4102 959 4170 (Ciceros
977 4102 1067 4158 Briefe
1093 4121 1130 4157 ιι

56 4187 175 4242 werden.
193 4186 355 4242 Cornificius
372 4188 452 4243 hatte
467 4188 507 4242 im
549 4186 598 4240 ihu
616 4204 665 4240 aus
683 4185 786 4240 diesem
814 4186 872 4240 und
900 4186 965 4240 dem
982 4185 1130 4256 folgenden

55 4272 127 4340 rIege
144 4271 243 4326 Ciisars
261 4270 356 4325 Partei
374 4270 506 4341 argriffen
548 4269 634 4324 Jahre
650 4268 716 4324 iam.
734 4270 796 4335 XII,
812 4269 923 4336 21—30)
950 4271 1008 4324 und
1035 4269 1080 4324 fiel
1096 4272 1130 4323 42

62 4355 209 4409 mehreren
226 4355 450 4424 Celegenheitsn,
476 4372 506 4410 so
548 4354 587 4406 im
604 4353 723 4423 Kampsa
740 4371 830 4424 gagen
839 4353 1129 4424 OktaviansLegateu

55 4455 74 4491 ·s
99 4440 133 4492 48
158 4438 188 4491 in
213 4438 334 4506 Illyrien,
359 4437 423 4492 Mus
449 4438 507 4493 und
548 4436 578 4491 Τ.
596 4434 715 4492 Sextius.

56 4538 71 4575 r
86 4522 232 4578 bewiessn.
258 4521 336 4577 Jetzt
352 4537 412 4575 war
428 4538 459 4576 er
475 4522 505 4576 in
581 4524 604 4575 1.
622 4523 744 4574 memorie
759 4523 843 4575 ιιοιιιι·
857 4519 1139 4591 mlannlteneuer·
