2602 4890
60 196 78 267 J
437 196 678 265 mmmm
1105 202 1168 265 m

59 363 206 429 exercitu
236 368 344 428 castra
372 362 406 425 iu
427 360 591 445 Lycaonia
621 361 709 444 apud
734 361 877 427 Iconium
903 364 1033 432 faceret.
1075 366 1170 443 Quod
1196 378 1213 430 a

59 465 96 529 rb
115 464 175 529 illo
192 464 362 546 diligenter
379 468 461 527 esset
480 467 598 542 actum,
621 482 680 546 ego
698 464 731 526 in
749 469 858 530 castra
876 485 903 530 a.
921 465 951 532 d.
968 494 1012 535 nr
1029 467 1068 532 Κ.
1086 469 1172 552 Sept

59 586 137 629 cum
160 565 283 629 interea
304 562 524 646 superioribus
545 562 659 628 diebus
677 584 717 627 ex
734 570 866 629 senatus
884 567 1031 633 consulto
1048 574 1080 633 et
1098 589 1172 634 evo-

59 687 108 728 rnr
138 665 266 730 firmam
294 685 425 729 manum
452 670 485 728 et
510 664 691 746 equitatum
713 685 791 730 sane
812 664 962 732 idoneum
984 674 1016 733 et
1037 670 1173 752 populo·

63 766 244 831 liberorum
275 784 451 848 regumque
472 764 634 829 sociorum
656 764 777 830 auxilia
800 766 985 832 voluntaria
1006 788 1172 852 compara·

58 887 84 931 n.

61 966 192 1045 nterim,
215 987 287 1031 cum
309 966 451 1031 exercitu
471 964 612 1029 lustrato
633 964 696 1029 iter
713 965 746 1028 in
766 965 909 1031 Ciliciam
928 967 1033 1033 facere
1051 969 1174 1051 coepis-

60 1067 101 1130 K.
132 1067 235 1150 Sept,
274 1066 376 1149 legati
406 1087 426 1130 a
456 1086 531 1146 rege
561 1065 777 1147 Commageno
808 1067 849 1131 ad
879 1089 930 1132 me
951 1069 1039 1133 missi
1064 1075 1175 1151 pertu-

58 1188 127 1232 nose
167 1188 271 1250 neque
300 1173 408 1232 tamen
437 1186 504 1230 non
534 1184 606 1229 vere
636 1165 774 1232 Parthos
804 1168 838 1232 in
864 1168 990 1252 Syriam
1020 1169 1175 1234 transisse

58 1273 214 1332 averunt:
237 1288 302 1350 quo
324 1265 437 1331 audito
458 1265 662 1330 vehementer
683 1286 754 1329 sum
772 1275 952 1333 commotus
970 1289 1041 1332 cum
1060 1268 1099 1333 de
1116 1268 1173 1353 Sy·
1201 1272 1218 1323 4
1292 1288 1297 1299 ·

57 1376 121 1431 tum
145 1367 185 1431 de
207 1388 279 1431 mea
300 1367 474 1450 provincia,
499 1366 539 1430 de
560 1366 685 1449 reliqua
707 1366 846 1450 denique
868 1368 954 1433 Asia.
989 1369 1104 1451 Itaque
1121 1388 1174 1433 ex·
1203 1434 1207 1442 ,

57 1490 101 1532 nn
133 1468 212 1532 milri
242 1466 424 1531 ducendum
453 1487 512 1549 per
534 1464 758 1549 Cappadociae
788 1467 951 1550 regionem
978 1488 1057 1547 eam,
1091 1489 1176 1552 quae

58 1591 110 1633 am
143 1568 326 1649 attingeret,
357 1569 488 1651 putavi3
519 1586 593 1630 nam
626 1565 654 1629 si
676 1586 726 1630 me
746 1566 780 1629 iu
803 1566 946 1631 Ciliciam
968 1566 1174 1648 deminuam,

61 1690 113 1732 am
145 1666 275 1749 quidem
304 1667 406 1750 ipsam
436 1671 571 1749 propter
600 1666 718 1730 montis
749 1667 863 1731 Amani
894 1674 1049 1732 naturam
1080 1668 1176 1734 facile

58 1790 140 1833 seem
161 1802 205 1816 -
225 1766 290 1831 duo
312 1772 388 1830 sunt
409 1766 494 1830 enim
516 1765 624 1830 aditus
644 1766 677 1828 in
697 1765 841 1834 Ciliciam
861 1788 899 1830 ex
916 1767 1019 1850 Syria,
1037 1788 1176 1851 quorum

56 1891 104 1952 pue
125 1870 233 1952 parvis
254 1866 423 1950 praesidiis
444 1872 577 1949 propter
600 1866 766 1948 angustias
783 1866 956 1931 intercludi
973 1876 1093 1950 potest,
1116 1889 1176 1934 nec

56 1974 211 2054 ,uioquam
235 1967 347 2034 Cilicia
369 1973 484 2032 contra
506 1966 632 2049 Syriam
653 1967 810 2031 munitius
832 2004 883 2048 -,
905 1967 960 2033 sed
981 1989 1032 2032 me
1049 1967 1177 2051 Cappa·

56 2098 62 2135 r
80 2069 240 2145 movebat,
263 2089 346 2151 quae
366 2073 460 2151 patet
481 2088 501 2132 a
522 2067 614 2150 Syria
635 2088 791 2150 regesque
812 2067 912 2133 habet
933 2068 1095 2150 finitimos,
1118 2069 1174 2152 qui

56 2171 96 2234 isi
118 2176 196 2234 sunt
218 2169 299 2234 clam
324 2168 420 2233 amici
441 2168 542 2259 nobie,
565 2174 672 2233 tamen
692 2176 803 2250 aperte
821 2167 953 2234 Parthis
970 2170 1090 2235 inimici
1108 2190 1178 2235 esse

63 2271 194 2336 audent.
237 2269 354 2352 ltaque
375 2268 408 2332 in
431 2268 638 2352 Cappadocia
660 2275 804 2335 extrema
823 2290 889 2335 non
910 2270 1005 2352 longe
1028 2292 1048 2336 a
1069 2271 1177 2336 Tauro

55 2428 56 2433 ,
78 2371 233 2454 oppidum
256 2370 407 2454 Cybistra
428 2375 536 2435 castra
557 2369 626 2449 leci,
648 2375 736 2434 utet
755 2370 897 2436 Ciliciam
917 2378 1025 2437 tuerer
1043 2378 1076 2436 et
1094 2371 1177 2454 Cap·

57 2474 138 2538 ciam
170 2479 282 2536 tenens
312 2491 397 2536 nova
422 2471 634 2537 finitimorum
656 2471 790 2536 consilia
810 2471 1007 2554 impedirem.
1049 2472 1178 2538 Interea
1202 2475 1219 2527 5

55 2594 87 2637 oc
109 2579 203 2638 tanto
225 2579 315 2638 motu
338 2578 496 2655 tantaque
513 2574 751 2654 exspectatione
768 2574 900 2638 maximi
917 2573 991 2638 belli
1008 2596 1065 2640 rex
1083 2573 1178 2639 Deio·

54 2696 69 2751 ς,
99 2674 152 2738 cui
182 2695 247 2738 non
277 2674 347 2738 sine
377 2693 473 2739 causa
504 2673 678 2755 plurimum
708 2694 832 2756 semper
862 2681 895 2739 et
917 2695 988 2739 meo
1010 2681 1043 2739 et
1065 2680 1122 2739 tuo
1145 2678 1178 2739 et

54 2795 100 2838 rus
131 2772 251 2838 iudicio
278 2772 440 2838 tributum
461 2778 519 2853 est,
550 2773 599 2836 vir
621 2794 692 2838 curn
717 2773 941 2840 benevolentia
962 2780 995 2839 et
1015 2774 1078 2840 fide
1100 2795 1179 2856 erga

54 2875 123 2939 ‚lum
135 2875 316 2940 Romanum
334 2874 502 2958 singulari,
521 2879 591 2939 tum
605 2877 785 2957 praestanti
798 2875 1021 2959 magnitudine
1036 2881 1069 2940 et
1079 2875 1179 2940 animi

61 3164 219 3229 legationem,
236 3180 294 3215 cam
311 3163 398 3213 malda
411 3161 553 3228 petenddm
593 3162 657 3215 dem
692 3161 844 3214 Beinamen
878 3162 1081 3230 Commagenus
1111 3160 1179 3216 oder

53 3265 174 3299 aeeem.-
189 3248 264 3312 apncd
278 3243 404 3312 Iconium]
423 3244 462 3295 im
480 3245 552 3296 amt-
595 3245 736 3298 Asiaticus
754 3244 836 3309 oder,
863 3244 915 3298 wie
933 3261 964 3298 er
981 3244 1038 3298 sich
1057 3244 1106 3298 aul
1122 3245 1178 3298 den

53 3329 130 3382 istil
148 3330 281 3383 stehende
297 3328 454 3395 Wendung‚
470 3343 552 3379 wenn
594 3327 762 3381 lnschriften
790 3328 841 3382 der
866 3345 921 3382 von
942 3328 1091 3382 Puchstein
1119 3333 1180 3382 ent·

62 3412 192 3478 Quartier
225 3413 272 3466 des
298 3411 481 3466 Statthalters
507 3410 553 3463 die
595 3410 714 3466 deckten
731 3410 1054 3479 Nemruddeghterrasse
1073 3416 1177 3466 neunt:

64 3497 109 3563 ist,
128 3497 178 3550 wic
195 3497 211 3564 ἐ
228 3499 260 3550 8:
281 3497 355 3563 apud
372 3496 553 3562 Epiphaniam
596 3495 739 3563 Ἀντίοχος
774 3494 838 3557 Θεὸς
885 3498 990 3558 δίκαιος
1024 3494 1180 3563 Ἐπιφανής

52 3581 111 3635 fam.
128 3579 206 3645 XVI,
224 3582 253 3646 3,
271 3583 302 3632 l:
335 3596 382 3631 ποθ
398 3579 473 3644 apud
489 3578 552 3643 Λὶψ
596 3581 788 3648 Φιλορώμαιος
804 3586 852 3634 καὶ
868 3581 1002 3648 Φιλέλλην
1010 3578 1179 3648 (Sitzungsb.

115 3683 197 3715 mcum
213 3666 281 3716 diem
298 3663 446 3715 commorati
458 3678 552 3713 eumue.
596 3665 623 3718 d.
641 3664 713 3717 Berl.
731 3663 783 3717 Ak.
803 3665 876 3731 1883,
895 3665 917 3728 1,
935 3664 988 3731 49).

52 3746 256 3816 'ulg'airsprache
273 3746 353 3800 hatte
364 3747 466 3800 ebenao
480 3745 554 3810 apud
628 3750 653 3800 4.
669 3765 715 3801 aec
733 3788 755 3801 ..
772 3749 942 3815 quiequam..
960 3743 1091 3812 mucidus]
1109 3742 1180 3797 iiber

52 3851 75 3899 t,
101 3832 177 3898 opud
201 3832 290 3883 viltam
317 3829 380 3896 (Cio.
406 3828 483 3882 Verr.
505 3825 552 3893 IV,
595 3831 645 3885 dae
661 3831 799 3885 Neutrum
816 3849 849 3884 au
867 3847 910 3898 ep.
927 3831 951 3896 9,
968 3831 992 3881 4.

52 3917 76 3967 ui
93 3917 184 3967 villam
201 3914 244 3981 (zu
263 3930 305 3980 ep.
321 3915 377 3978 118,
395 3915 424 3978 2)
440 3910 554 3981 gerude-
628 3916 653 3968 5.
663 3913 813 3983 Deiotarus]
823 3913 957 3969 Tetrarch
971 3928 1025 3966 von
1036 3909 1178 3976 Galatien,

51 4002 101 4050 :in
114 4000 195 4066 foro,
220 4000 251 4049 in
267 3999 347 4062 vilda,
373 3996 418 4049 ein
436 3995 555 4064 Sprach·
595 4001 692 4066 apiitcr
718 4016 781 4053 vom
808 3998 893 4053 Senat
921 4013 984 4049 aum
1003 3995 1110 4063 Kdnige
1138 4010 1180 4047 er·

51 4083 125 4149 noh,
152 4083 205 4136 den
232 4080 412 4135 bekanntlich
438 4079 552 4133 Tacitus
596 4088 687 4137 nannt
713 4083 771 4136 und
793 4082 864 4136 noch
881 4080 935 4133 mit
952 4078 1180 4132 Kleinarmenien

52 4166 142 4220 ntlich
165 4166 209 4219 bei
226 4165 427 4218 Stddtenamen
445 4164 476 4216 in
493 4181 554 4217 aus·
596 4167 756 4233 bocchonia,
774 4183 832 4220 war
848 4163 934 4218 echon
948 4161 1102 4216 eeitSullas
1122 4162 1180 4216 nnd

51 4256 140 4305 intem
150 4248 289 4318 Umfange
297 4248 365 4301 hat:
381 4249 436 4316 vgl.
445 4247 553 4301 Herone
595 4250 735 4305 Lucullus’
753 4250 818 4303 Zeit
835 4249 882 4303 ein
899 4246 1114 4300 treuerFreund
1131 4246 1182 4299 der

51 4332 273 4399 to.lliet.1,49‚
293 4334 331 4385 lo.
596 4335 717 4400 Riimer3
750 4335 789 4387 im
815 4332 1019 4402 Bttrgerkriege
1044 4328 1184 4383 ntandei·

51 4414 216 4484 aneatorum]
234 4434 268 4470 zu
285 4418 454 4483 ep.49,5.-
471 4433 555 4483 arcye
596 4419 647 4473 anf
652 4418 728 4473 Seite
737 4415 948 4485 deePompejua,
956 4414 1013 4469 und
1020 4414 1113 4469 Cicero
1123 4429 1184 4467 ver·

50 4498 153 4571 royano]
178 4517 209 4555 er
234 4501 307 4555 hiess
326 4499 481 4554 Antiochus
498 4500 555 4553 mit
596 4502 715 4573 taidigte
734 4501 785 4555 ihn
801 4500 844 4555 im
858 4499 1020 4557 November
1037 4498 1074 4553 lt>
1086 4499 1124 4551 in
1138 4497 1193 4550 det
