2602 4890
114 186 174 249 346
536 181 580 235 ιι
596 182 663 236 ram.
679 180 726 250 ru,
744 184 783 236 13.
800 182 848 250 ιι,
863 183 888 237 a.
1155 146 1298 251 'rupuar'

113 350 251 428 facilius,
274 350 394 433 quibus
414 355 463 414 est
483 349 607 429 iratior,
629 349 824 432 respondere
840 347 968 413 tristius
988 348 1103 432 possit,
1123 347 1186 413 hoc
1200 348 1295 415 etat

114 450 177 514 hnc
200 450 326 515 tardior
347 451 389 515 ad
410 457 444 514 te
466 449 616 515 molestia
636 449 848 514 liberandum.
878 448 1071 515 Familiares
1092 468 1170 515 uero
1190 450 1297 529 eiust

114 551 138 614 li
160 551 300 634 quidem,
322 552 378 634 qui
400 551 450 614 illi
469 550 689 614 iucundissimi
707 556 794 628 sunt,
817 549 1011 616 mirabiliter
1028 550 1069 615 de
1086 556 1121 615 te
1138 556 1172 615 et
1187 549 1280 633 loqu

113 659 169 715 tur
186 659 218 716 et
236 652 388 716 sentiunt.
421 650 551 715 Accedit
573 649 684 715 eodem
707 650 796 732 vulgi
818 649 968 715 voluntas
989 650 1039 714 vel
1061 650 1173 733 potius
1192 670 1280 717 oonse

113 774 169 818 sus
190 753 341 817 omnium.
372 752 482 816 Etiam
498 751 567 832 illa,
589 772 674 834 quae
693 751 862 814 minimum
880 770 967 815 nunc
983 750 1115 834 quidem
1133 758 1245 835 potest,
1263 783 1280 809 ιι

114 854 216 937 possit
237 874 363 918 necesse
385 857 444 932 est,
466 872 518 917 res
540 852 681 934 publica,
702 871 925 934 quascumque
945 852 1029 916 uires
1051 852 1200 931 habebit,
1219 852 1256 917 ab
1273 852 1279 867 “

114 955 200 1037 ipsis,
223 975 243 1016 o
265 953 384 1036 quibus
405 958 546 1032 tenetur,
568 952 607 1018 de
630 959 662 1018 te
683 952 879 1036 propediem,
902 953 1104 1034 mihicrede,
1127 954 1296 1037 impetro

73 1068 90 1121 6
200 1054 308 1118 Redeo
329 1054 431 1136 igitur
449 1053 490 1118 ad
508 1052 552 1131 id,
574 1055 693 1118 utiam
712 1053 774 1118 tibi
792 1055 889 1118 etiam
907 1053 1063 1137 pollicear
1080 1054 1215 1138 aliquid,
1235 1074 1280 1138 quu

114 1155 218 1237 primo
249 1153 438 1217 omiseram:
470 1174 545 1218 uam
576 1160 609 1217 et
639 1152 834 1235 complectar
863 1153 931 1216 eius
961 1152 1239 1232 familiarissimos,
1269 1181 1280 1210 ιι

115 1278 165 1322 me
188 1255 363 1320 admodum
386 1255 526 1337 diligunt
547 1254 751 1336 multumque
773 1274 895 1318 mecum
918 1259 1004 1333 sunt,
1026 1259 1059 1318 et
1079 1255 1112 1317 in
1130 1254 1232 1338 ipsius
1246 1276 1285 1319 oo

115 1355 328 1434 suetudinem,
360 1376 457 1439 quam
480 1356 587 1419 adhuc
607 1375 696 1420 meus
718 1353 825 1437 pudor
846 1354 926 1418 mihi
947 1355 1073 1436 clausit,
1099 1355 1267 1421 insinuabo
1286 1385 1301 1410 ν

116 1465 202 1521 certe
224 1457 327 1521 omnis
348 1456 416 1520 vias
438 1476 622 1538 persequar,
645 1454 764 1538 quibus
784 1455 910 1539 putabo
932 1455 975 1519 ad
995 1456 1038 1534 id,
1061 1456 1153 1540 quod
1170 1456 1278 1521 volum*

114 1558 279 1641 peruenire
300 1577 410 1640 posse;
439 1559 472 1620 in
490 1555 553 1620 hoo
573 1561 645 1620 toto
666 1576 780 1637 genere
801 1555 897 1637 plura
918 1556 1044 1635 faciam,
1067 1576 1168 1640 quam
1189 1578 1296 1621 sorrow-

116 1656 228 1722 audeo.
281 1655 406 1736 Cetera,
436 1677 520 1740 quae
552 1655 612 1719 tibi
645 1655 799 1720 amultis
821 1660 975 1740 prompta
995 1676 1064 1721 esse
1086 1664 1178 1722 certo
1200 1658 1270 1735 scio,

115 1775 165 1819 me
196 1761 272 1820 sunt
302 1758 527 1839 paratissima:
557 1756 639 1819 nihil
668 1756 702 1819 in
732 1777 767 1821 rs
798 1755 952 1820 familiari
973 1777 1045 1821 mea
1067 1764 1127 1838 est,
1159 1758 1245 1842 quod

116 1877 221 1920 meum
243 1856 352 1920 malim
374 1879 442 1922 esse
464 1878 562 1940 quam
583 1865 697 1937 tuum;
719 1858 781 1922 hac
802 1858 841 1922 de
862 1878 897 1922 re
919 1864 951 1923 et
973 1857 1013 1923 de
1033 1858 1097 1924 hoc
1118 1879 1236 1942 genere
1270 1889 1293 1915 ιι

115 1957 178 2022 hoo
198 1957 306 2023 scribo
328 1959 466 2040 parcius,
489 1960 576 2042 quod
597 1965 630 2024 te
651 1958 694 2037 id,
717 1958 805 2041 quod
826 1959 894 2041 ipse
915 1958 1053 2038 conlido,
1075 1980 1209 2043 sperare
1236 1989 1265 2017 ιιι
1286 1993 1299 2032 ι,

117 2064 150 2123 te
172 2079 239 2123 esse
261 2079 395 2122 usurum
418 2060 492 2124 tuis.

74 2172 90 2223 ι
199 2158 387 2223 Extremum
409 2159 490 2224 illud
512 2166 569 2239 est,
592 2165 631 2224 ut
652 2166 685 2225 te
707 2180 794 2224 orem
815 2164 849 2226 et
870 2160 1044 2239 obsecrem,
1067 2160 1177 2226 animo
1198 2170 1236 2225 ut
1262 2191 1278 2215 ιι

114 2259 200 2323 ximo
222 2260 266 2323 sis
289 2279 344 2322 nec
365 2259 528 2324 casulum
550 2259 740 2339 memineris,
763 2281 848 2343 quae
864 2261 907 2326 ab
926 2261 998 2326 aliis
1020 2262 1148 2343 magnis
1170 2262 1245 2327 uiris
1262 2278 1296 2326 ιι·

115 2359 236 2441 cepisti,
268 2358 324 2423 sed
353 2359 410 2424 illa
439 2361 547 2441 etiam,
579 2380 662 2444 quae
691 2362 760 2443 ipse
788 2361 918 2442 ingenio
948 2360 1122 2444 studioque
1153 2358 1287 2445 peperisb'

115 2480 198 2542 quae
219 2460 245 2523 si
267 2460 404 2542 colliges,
428 2468 461 2525 ot
478 2461 623 2544 sperabis
642 2462 749 2526 omnia
768 2462 889 2543 optime
905 2467 947 2540 et,
965 2482 1049 2544 quae
1066 2462 1225 2541 accident,
1240 2482 1268 2546 q*

114 2560 296 2643 llacumque
318 2567 424 2639 erunt,
447 2563 608 2644 sapienter
629 2562 720 2626 feres.
763 2561 823 2625 Sed
846 2562 926 2626 haec
942 2566 979 2626 tu
997 2562 1113 2626 melius
1134 2562 1184 2627 vel
1204 2582 1243 2645 op

115 2660 274 2725 omnium:
299 2683 368 2743 eg0,
391 2683 475 2745 quae
495 2662 658 2744 pertinere
674 2661 717 2725 ad
734 2666 767 2727 te
783 2662 981 2744 intellegam,
1004 2661 1239 2727 studiosissime
1252 2678 1296 2727 ou

114 2761 168 2825 nia
190 2761 496 2845 diligentissimeque
518 2761 640 2826 curabo
664 2769 858 2845 tuorumque
881 2763 1066 2828 tristissimo
1088 2783 1161 2828 meo
1179 2770 1298 2845 tempor

114 2863 305 2926 meritorum
329 2883 405 2944 erga
427 2883 476 2926 me
498 2863 685 2927 memoriam
707 2864 913 2929 conservabo

490 3046 950 3132 mmmmmm

479 3197 534 3252 Sor.
552 3197 658 3253 Romae
677 3200 708 3252 A.
727 3199 760 3254 U.
778 3199 805 3254 O.
824 3200 873 3253 708
891 3198 954 3267 (46).

392 3331 432 3394 Μ.
456 3331 610 3396 CICERO
633 3332 661 3396 S.
685 3332 721 3396 D.
744 3332 785 3399 M.
808 3331 1046 3400 MARCELLO.

75 3492 87 3542 1
199 3477 310 3561 Neque
332 3501 459 3545 monere
481 3489 513 3546 te
535 3481 638 3546 audeo
655 3481 837 3564 praestanti
859 3482 1032 3565 prudentia
1049 3484 1154 3549 uirum
1172 3505 1229 3550 nec
1244 3500 1300 3547 cou-

112 3767 186 3802 oero:
213 3768 246 3801 zu
264 3766 307 3816 ep.
325 3752 349 3815 6,
365 3752 389 3803 8,
417 3782 446 3789 -
474 3754 559 3804 adbuc
583 3749 694 3818 tardior]
737 3750 1300 3820 Neutrum=tuiarobmodersocultotibut=

112 3834 196 3885 adbuc
223 3833 265 3885 bis
289 3833 361 3898 ¹ietzt
388 3834 475 3895 nocb;
500 3853 533 3887 zu
551 3852 593 3902 ep.
612 3837 653 3900 61,
670 3837 694 3887 2.
737 3835 795 3888 dies
812 3835 850 3887 ist
866 3851 904 3898 es,
921 3850 977 3887 was
991 3833 1085 3889 Oioero
1102 3836 1157 3889 mit
1169 3830 1291 3890 SIoberbfl'

112 3918 205 3968 -aed
222 3919 298 3982 poscit
315 3935 411 3969 accerse
432 3917 475 3984 eat]
502 3917 567 3972 abar
593 3918 696 3971 einmal
736 3922 868 3971 erwartet
885 3918 967 3983 (quod
983 3919 1038 3981 ipse
1055 3920 1172 3985 confictor
1188 3919 1240 3987 vgl.
1255 3916 1288 3985 θ’

113 4000 176 4066 (mit
203 4001 251 4051 der
277 3999 350 4065 Zeit)
378 4000 447 4053 doch
474 4001 574 4055 wieder
605 4004 695 4068 elnige
737 4001 795 4055 und
812 4001 926 4069 Figulus
944 3999 1037 4054 hoffsn
1054 4002 1115 4055 soll.

112 4082 207 4135 Mocht
226 4082 313 4136 baben
333 4101 424 4151 muss3
439 4104 513 4152 porse
530 4085 568 4137 ist
585 4083 696 4137 absolut
770 4088 794 4138 7.
811 4086 926 4149 sperabis
947 4086 1034 4135 omorio
1051 4083 1153 4153 optineo]
1170 4102 1204 4139 zu
1219 4100 1258 4151 ep.
1276 4090 1291 4122 ἰ

111 4166 272 4234 gebraucht.
301 4197 334 4204 —
357 4170 388 4220 de
407 4208 412 4221 .
431 4208 436 4221 .
456 4209 461 4221 .
478 4166 510 4236 tc]
529 4168 597 4221 iiber
614 4169 645 4219 dc
662 4185 695 4219 zu
739 4170 761 4220 1.
781 4196 810 4206 -
830 4167 893 4218 boec
910 4176 939 4218 tu
954 4166 1112 4235 melias...]
1130 4186 1164 4222 uu
1180 4184 1224 4236 ep.
1239 4165 1297 4231 88,b

112 4265 155 4316 ep.
173 4251 197 4302 6.
215 4252 238 4300 4.
737 4250 1182 4323 -triatisaimomeotempochiibor
1189 4252 1260 4305 diae
1275 4255 1284 4290 ³¹

144 4335 168 4386 6.
185 4332 328 4401 insinuabo]
347 4352 379 4387 zu
397 4352 439 4400 op.
451 4337 491 4400 13,
508 4336 532 4386 2.
553 4364 579 4370 -—
598 4336 694 4401 putabo
736 4331 953 4402 zeichnungvou
963 4334 1291 4403 momentaneum

110 4419 244 4483 peruenire
260 4415 343 4484 posse]
361 4417 432 4470 ohne
449 4437 489 4471 me
506 4418 557 4471 wie
570 4418 642 4472 oben
651 4433 695 4486 ep.
770 4415 890 4470 XCVIII.
902 4416 939 4469 M.
957 4416 1051 4472 Clau
1061 4419 1080 4472 d
1089 4418 1100 4473 i
1109 4436 1151 4473 un
1167 4418 1196 4473 bl
1204 4436 1221 4473 Ι
1229 4430 1282 4471 roe

104 4500 147 4553 85.
168 4504 191 4553 1.
210 4528 244 4537 -
260 4510 284 4554 tc
300 4518 352 4555 ease
368 4518 477 4555 moram
502 4499 565 4571 tuis]
590 4503 640 4555 tuis
656 4500 694 4553 ist
736 4499 796 4553 lus
822 4500 938 4569 gehbrte
955 4500 1005 4555 der
1029 4501 1218 4571 plebejisobso
1237 4496 1297 4555 Liu'-
