<?xml version="1.0" encoding="UTF-8"?>
<!DOCTYPE html PUBLIC "-//W3C//DTD XHTML 1.0 Transitional//EN"
    "http://www.w3.org/TR/xhtml1/DTD/xhtml1-transitional.dtd">
<html xmlns="http://www.w3.org/1999/xhtml" xml:lang="en" lang="en">
 <head>
  <title>
</title>
<meta http-equiv="Content-Type" content="text/html;charset=utf-8" />
  <meta name='ocr-system' content='tesseract 3.04.00' />
  <meta name='ocr-capabilities' content='ocr_page ocr_carea ocr_par ocr_line ocrx_word'/>
</head>
<body>
  <div class='ocr_page' id='page_1' title='image "./epistulaeselect00boecgoog_0394.png"; bbox 0 0 2602 4890; ppageno 0'>
   <div class='ocr_carea' id='block_1_1' title="bbox 432 198 663 266">
    <p class='ocr_par' dir='ltr' id='par_1_1' title="bbox 432 198 663 266">
     <span class='ocr_line' id='line_1_1' title="bbox 432 198 663 266; baseline 0.004 -12"><span class='ocrx_word' id='word_1_1' title='bbox 432 200 477 254; x_wconf 78' lang='lat' dir='ltr'>Ad</span> <span class='ocrx_word' id='word_1_2' title='bbox 492 200 559 255; x_wconf 75' lang='lat' dir='ltr'>fem.</span> <span class='ocrx_word' id='word_1_3' title='bbox 576 198 623 266; x_wconf 85' lang='lat' dir='ltr'>v1,</span> <span class='ocrx_word' id='word_1_4' title='bbox 639 201 663 255; x_wconf 80' lang='lat' dir='ltr'>e</span> 
     </span>
    </p>
   </div>
   <div class='ocr_carea' id='block_1_2' title="bbox 219 362 879 726">
    <p class='ocr_par' dir='ltr' id='par_1_2' title="bbox 219 362 879 726">
     <span class='ocr_line' id='line_1_2' title="bbox 339 362 769 449; baseline -0.002 -18"><span class='ocrx_word' id='word_1_5' title='bbox 339 363 451 431; x_wconf 83' lang='lat' dir='ltr'><strong>cvm.</strong></span> <span class='ocrx_word' id='word_1_6' title='bbox 474 364 532 449; x_wconf 80' lang='lat' dir='ltr'>(ed</span> <span class='ocrx_word' id='word_1_7' title='bbox 553 365 627 432; x_wconf 80' lang='lat' dir='ltr'>iarn.</span> <span class='ocrx_word' id='word_1_8' title='bbox 648 362 704 445; x_wconf 90' lang='lat' dir='ltr'>VI,</span> <span class='ocrx_word' id='word_1_9' title='bbox 726 365 769 448; x_wconf 83' lang='lat'>3.)</span> 
     </span>
     <span class='ocr_line' id='line_1_3' title="bbox 246 502 852 584; baseline -0.003 -13"><span class='ocrx_word' id='word_1_10' title='bbox 246 515 302 571; x_wconf 85' lang='lat' dir='ltr'>Sor.</span> <span class='ocrx_word' id='word_1_11' title='bbox 319 515 424 572; x_wconf 73' lang='lat' dir='ltr'>Romae</span> <span class='ocrx_word' id='word_1_12' title='bbox 440 515 556 572; x_wconf 84' lang='lat' dir='ltr'>ineunte</span> <span class='ocrx_word' id='word_1_13' title='bbox 572 517 607 571; x_wconf 85' lang='grc' dir='ltr'>Δ.</span> <span class='ocrx_word' id='word_1_14' title='bbox 623 514 658 570; x_wconf 86' lang='lat' dir='ltr'>U.</span> <span class='ocrx_word' id='word_1_15' title='bbox 675 514 703 570; x_wconf 85' lang='lat'>0.</span> <span class='ocrx_word' id='word_1_16' title='bbox 721 502 771 571; x_wconf 80' lang='lat'>709</span> <span class='ocrx_word' id='word_1_17' title='bbox 790 514 852 584; x_wconf 77' lang='lat'><strong>(45).</strong></span> 
     </span>
     <span class='ocr_line' id='line_1_4' title="bbox 219 646 879 726; baseline -0.008 -10"><span class='ocrx_word' id='word_1_18' title='bbox 219 649 260 716; x_wconf 88' lang='grc' dir='ltr'>Μ.</span> <span class='ocrx_word' id='word_1_19' title='bbox 283 649 438 716; x_wconf 83' lang='lat' dir='ltr'>CICERO</span> <span class='ocrx_word' id='word_1_20' title='bbox 464 650 494 719; x_wconf 86' lang='lat' dir='ltr'>S.</span> <span class='ocrx_word' id='word_1_21' title='bbox 524 649 563 719; x_wconf 91' lang='lat' dir='ltr'>D.</span> <span class='ocrx_word' id='word_1_22' title='bbox 584 649 620 717; x_wconf 83' lang='lat' dir='ltr'>A.</span> <span class='ocrx_word' id='word_1_23' title='bbox 641 646 879 726; x_wconf 85' lang='lat' dir='ltr'><strong>TORQUATO.</strong></span> 
     </span>
    </p>
   </div>
   <div class='ocr_carea' id='block_1_3' title="bbox 54 798 1194 2890">
    <p class='ocr_par' dir='ltr' id='par_1_3' title="bbox 54 798 1194 2890">
     <span class='ocr_line' id='line_1_5' title="bbox 55 798 1191 885; baseline -0.007 -19"><span class='ocrx_word' id='word_1_24' title='bbox 55 800 257 885; x_wconf 83' lang='lat' dir='ltr'>uperiorihue</span> <span class='ocrx_word' id='word_1_25' title='bbox 273 800 393 866; x_wconf 81' lang='lat' dir='ltr'>litteris</span> <span class='ocrx_word' id='word_1_26' title='bbox 409 800 635 866; x_wconf 78' lang='lat' dir='ltr'>benevolentia</span> <span class='ocrx_word' id='word_1_27' title='bbox 651 799 757 882; x_wconf 78' lang='lat' dir='ltr'>megin</span> <span class='ocrx_word' id='word_1_28' title='bbox 774 798 947 878; x_wconf 83' lang='lat' dir='ltr'>adductus,</span> <span class='ocrx_word' id='word_1_29' title='bbox 965 818 1064 882; x_wconf 87' lang='lat' dir='ltr'><strong>quam</strong></span> <span class='ocrx_word' id='word_1_30' title='bbox 1083 819 1148 883; x_wconf 92' lang='lat' dir='ltr'>quo</span> <span class='ocrx_word' id='word_1_31' title='bbox 1177 807 1191 858; x_wconf 96' lang='lat'>1</span> 
     </span>
     <span class='ocr_line' id='line_1_6' title="bbox 55 899 1151 985; baseline -0.003 -18"><span class='ocrx_word' id='word_1_32' title='bbox 55 923 68 967; x_wconf 76' lang='grc' dir='ltr'>ι</span> <span class='ocrx_word' id='word_1_33' title='bbox 89 901 279 984; x_wconf 81' lang='lat' dir='ltr'>postularet,</span> <span class='ocrx_word' id='word_1_34' title='bbox 301 900 349 964; x_wconf 84' lang='lat' dir='ltr'>fui</span> <span class='ocrx_word' id='word_1_35' title='bbox 370 901 516 983; x_wconf 74' lang='lat' dir='ltr'>longior,</span> <span class='ocrx_word' id='word_1_36' title='bbox 537 920 641 985; x_wconf 89' lang='lat' dir='ltr'>neque</span> <span class='ocrx_word' id='word_1_37' title='bbox 662 901 747 965; x_wconf 89' lang='lat' dir='ltr'>enim</span> <span class='ocrx_word' id='word_1_38' title='bbox 769 899 1013 965; x_wconf 80' lang='lat' dir='ltr'>confirmatione</span> <span class='ocrx_word' id='word_1_39' title='bbox 1036 905 1151 964; x_wconf 83' lang='lat' dir='ltr'>nostra</span> 
     </span>
     <span class='ocr_line' id='line_1_7' title="bbox 55 998 1150 1085; baseline -0.002 -21"><span class='ocrx_word' id='word_1_40' title='bbox 55 1007 65 1065; x_wconf 90' lang='lat' dir='ltr'>t</span> <span class='ocrx_word' id='word_1_41' title='bbox 86 1001 190 1065; x_wconf 80' lang='lat' dir='ltr'>virtus</span> <span class='ocrx_word' id='word_1_42' title='bbox 212 1007 271 1065; x_wconf 86' lang='lat' dir='ltr'>tue</span> <span class='ocrx_word' id='word_1_43' title='bbox 291 1021 396 1085; x_wconf 89' lang='lat' dir='ltr'>neque</span> <span class='ocrx_word' id='word_1_44' title='bbox 417 1006 489 1066; x_wconf 84' lang='lat' dir='ltr'>eret</span> <span class='ocrx_word' id='word_1_45' title='bbox 510 1021 549 1066; x_wconf 80' lang='lat' dir='ltr'>ee</span> <span class='ocrx_word' id='word_1_46' title='bbox 570 1021 643 1066; x_wconf 86' lang='lat' dir='ltr'>mee</span> <span class='ocrx_word' id='word_1_47' title='bbox 663 1000 1024 1084; x_wconf 84' lang='lat' dir='ltr'>censeatquefortune,</span> <span class='ocrx_word' id='word_1_48' title='bbox 1040 998 1150 1078; x_wconf 70' lang='lat' dir='ltr'>utoni</span> 
     </span>
     <span class='ocr_line' id='line_1_8' title="bbox 55 1100 1194 1182; baseline -0.006 -16"><span class='ocrx_word' id='word_1_49' title='bbox 55 1102 138 1168; x_wconf 86' lang='lat' dir='ltr'>mnia</span> <span class='ocrx_word' id='word_1_50' title='bbox 159 1102 313 1182; x_wconf 83' lang='lat' dir='ltr'>deessent,</span> <span class='ocrx_word' id='word_1_51' title='bbox 345 1103 486 1167; x_wconf 86' lang='lat' dir='ltr'>alterum</span> <span class='ocrx_word' id='word_1_52' title='bbox 512 1100 744 1169; x_wconf 78' lang='lat' dir='ltr'>confirmarem.</span> <span class='ocrx_word' id='word_1_53' title='bbox 795 1101 866 1167; x_wconf 89' lang='lat' dir='ltr'>Hoo</span> <span class='ocrx_word' id='word_1_54' title='bbox 895 1101 972 1165; x_wconf 90' lang='lat' dir='ltr'>item</span> <span class='ocrx_word' id='word_1_55' title='bbox 1003 1106 1149 1182; x_wconf 88' lang='lat' dir='ltr'>ternpore</span> <span class='ocrx_word' id='word_1_56' title='bbox 1176 1107 1194 1159; x_wconf 80' lang='lat'><strong>2</strong></span> 
     </span>
     <span class='ocr_line' id='line_1_9' title="bbox 55 1200 1152 1286; baseline -0.003 -19"><span class='ocrx_word' id='word_1_57' title='bbox 55 1226 75 1267; x_wconf 85' lang='lat' dir='ltr'>n</span> <span class='ocrx_word' id='word_1_58' title='bbox 98 1224 166 1268; x_wconf 85' lang='lat' dir='ltr'>esee</span> <span class='ocrx_word' id='word_1_59' title='bbox 186 1202 304 1282; x_wconf 91' lang='lat' dir='ltr'>debeo;</span> <span class='ocrx_word' id='word_1_60' title='bbox 326 1201 393 1268; x_wconf 85' lang='lat' dir='ltr'>eive</span> <span class='ocrx_word' id='word_1_61' title='bbox 415 1202 500 1268; x_wconf 90' lang='lat' dir='ltr'>enim</span> <span class='ocrx_word' id='word_1_62' title='bbox 523 1202 604 1266; x_wconf 88' lang='lat' dir='ltr'>nihil</span> <span class='ocrx_word' id='word_1_63' title='bbox 635 1207 706 1268; x_wconf 90' lang='lat' dir='ltr'>tum</span> <span class='ocrx_word' id='word_1_64' title='bbox 736 1222 818 1286; x_wconf 84' lang='lat' dir='ltr'>opus</span> <span class='ocrx_word' id='word_1_65' title='bbox 848 1201 911 1266; x_wconf 89' lang='lat' dir='ltr'>fuit</span> <span class='ocrx_word' id='word_1_66' title='bbox 933 1206 1007 1265; x_wconf 86' lang='lat' dir='ltr'>tem</span> <span class='ocrx_word' id='word_1_67' title='bbox 1039 1200 1152 1264; x_wconf 85' lang='lat' dir='ltr'>multis</span> 
     </span>
     <span class='ocr_line' id='line_1_10' title="bbox 56 1297 1149 1386; baseline -0.006 -18"><span class='ocrx_word' id='word_1_68' title='bbox 56 1355 63 1382; x_wconf 94' lang='lat'>,</span> <span class='ocrx_word' id='word_1_69' title='bbox 85 1303 187 1369; x_wconf 95' lang='lat' dir='ltr'>nihilo</span> <span class='ocrx_word' id='word_1_70' title='bbox 209 1304 311 1386; x_wconf 79' lang='lat' dir='ltr'>magis</span> <span class='ocrx_word' id='word_1_71' title='bbox 328 1323 414 1368; x_wconf 88' lang='lat' dir='ltr'>nuno</span> <span class='ocrx_word' id='word_1_72' title='bbox 435 1323 516 1386; x_wconf 82' lang='lat' dir='ltr'>opus</span> <span class='ocrx_word' id='word_1_73' title='bbox 534 1309 593 1383; x_wconf 82' lang='lat' dir='ltr'>est,</span> <span class='ocrx_word' id='word_1_74' title='bbox 611 1302 677 1366; x_wconf 87' lang='lat' dir='ltr'>eive</span> <span class='ocrx_word' id='word_1_75' title='bbox 694 1308 765 1367; x_wconf 91' lang='lat' dir='ltr'>tum</span> <span class='ocrx_word' id='word_1_76' title='bbox 783 1322 863 1385; x_wconf 87' lang='lat' dir='ltr'>opus</span> <span class='ocrx_word' id='word_1_77' title='bbox 879 1299 951 1380; x_wconf 86' lang='lat' dir='ltr'>fuit,</span> <span class='ocrx_word' id='word_1_78' title='bbox 970 1297 1051 1363; x_wconf 90' lang='lat' dir='ltr'>illud</span> <span class='ocrx_word' id='word_1_79' title='bbox 1068 1297 1149 1364; x_wconf 82' lang='lat' dir='ltr'>setis</span> 
     </span>
     <span class='ocr_line' id='line_1_11' title="bbox 55 1397 1150 1483; baseline -0.005 -15"><span class='ocrx_word' id='word_1_80' title='bbox 55 1405 215 1470; x_wconf 56' lang='lat' dir='ltr'>&amp;aesertim</span> <span class='ocrx_word' id='word_1_81' title='bbox 234 1424 307 1469; x_wconf 89' lang='lat' dir='ltr'>oum</span> <span class='ocrx_word' id='word_1_82' title='bbox 324 1403 493 1468; x_wconf 81' lang='lat' dir='ltr'>occesserit</span> <span class='ocrx_word' id='word_1_83' title='bbox 510 1402 592 1467; x_wconf 91' lang='lat' dir='ltr'>nihil</span> <span class='ocrx_word' id='word_1_84' title='bbox 609 1403 697 1468; x_wconf 87' lang='lat' dir='ltr'>novi:</span> <span class='ocrx_word' id='word_1_85' title='bbox 721 1423 796 1467; x_wconf 86' lang='lat' dir='ltr'>nam</span> <span class='ocrx_word' id='word_1_86' title='bbox 813 1401 873 1467; x_wconf 88' lang='lat' dir='ltr'>etei</span> <span class='ocrx_word' id='word_1_87' title='bbox 891 1399 1007 1465; x_wconf 85' lang='lat' dir='ltr'>cotidie</span> <span class='ocrx_word' id='word_1_88' title='bbox 1025 1397 1150 1483; x_wconf 79' lang='lat' dir='ltr'>aliquid</span> 
     </span>
     <span class='ocr_line' id='line_1_12' title="bbox 59 1502 1151 1587; baseline -0.005 -18"><span class='ocrx_word' id='word_1_89' title='bbox 59 1525 217 1569; x_wconf 84' lang='lat' dir='ltr'>usearum</span> <span class='ocrx_word' id='word_1_90' title='bbox 229 1524 348 1583; x_wconf 87' lang='lat' dir='ltr'>rerum,</span> <span class='ocrx_word' id='word_1_91' title='bbox 366 1524 448 1587; x_wconf 83' lang='lat' dir='ltr'>ques</span> <span class='ocrx_word' id='word_1_92' title='bbox 466 1502 508 1569; x_wconf 86' lang='lat' dir='ltr'>ed</span> <span class='ocrx_word' id='word_1_93' title='bbox 526 1509 560 1568; x_wconf 87' lang='lat' dir='ltr'>te</span> <span class='ocrx_word' id='word_1_94' title='bbox 577 1502 714 1586; x_wconf 86' lang='lat' dir='ltr'>perferri</span> <span class='ocrx_word' id='word_1_95' title='bbox 732 1502 891 1580; x_wconf 83' lang='lat' dir='ltr'>existimo,</span> <span class='ocrx_word' id='word_1_96' title='bbox 908 1505 1151 1565; x_wconf 84' lang='lat' dir='ltr'>summatemen</span> 
     </span>
     <span class='ocr_line' id='line_1_13' title="bbox 55 1601 1152 1687; baseline -0.004 -19"><span class='ocrx_word' id='word_1_97' title='bbox 55 1659 57 1668; x_wconf 80' lang='grc'>,</span> <span class='ocrx_word' id='word_1_98' title='bbox 79 1609 128 1669; x_wconf 86' lang='lat' dir='ltr'>eet</span> <span class='ocrx_word' id='word_1_99' title='bbox 150 1609 183 1668; x_wconf 87' lang='lat' dir='ltr'>et</span> <span class='ocrx_word' id='word_1_100' title='bbox 204 1602 289 1668; x_wconf 91' lang='lat' dir='ltr'>idem</span> <span class='ocrx_word' id='word_1_101' title='bbox 311 1603 434 1683; x_wconf 73' lang='lat' dir='ltr'>exitus,</span> <span class='ocrx_word' id='word_1_102' title='bbox 456 1624 551 1687; x_wconf 89' lang='lat' dir='ltr'>quem</span> <span class='ocrx_word' id='word_1_103' title='bbox 572 1622 631 1686; x_wconf 84' lang='lat' dir='ltr'>ego</span> <span class='ocrx_word' id='word_1_104' title='bbox 649 1609 719 1668; x_wconf 86' lang='lat' dir='ltr'>tem</span> <span class='ocrx_word' id='word_1_105' title='bbox 737 1601 829 1667; x_wconf 90' lang='lat' dir='ltr'>video</span> <span class='ocrx_word' id='word_1_106' title='bbox 848 1601 968 1679; x_wconf 86' lang='lat' dir='ltr'>enimo,</span> <span class='ocrx_word' id='word_1_107' title='bbox 988 1620 1086 1683; x_wconf 84' lang='lat' dir='ltr'><strong>quam</strong></span> <span class='ocrx_word' id='word_1_108' title='bbox 1104 1619 1152 1676; x_wconf 86' lang='lat' dir='ltr'>ee,</span> 
     </span>
     <span class='ocr_line' id='line_1_14' title="bbox 54 1700 1151 1788; baseline -0.006 -18"><span class='ocrx_word' id='word_1_109' title='bbox 54 1703 155 1770; x_wconf 81' lang='lat' dir='ltr'>oculis</span> <span class='ocrx_word' id='word_1_110' title='bbox 177 1704 345 1785; x_wconf 84' lang='lat' dir='ltr'>cernimus,</span> <span class='ocrx_word' id='word_1_111' title='bbox 368 1725 426 1769; x_wconf 90' lang='lat' dir='ltr'>neo</span> <span class='ocrx_word' id='word_1_112' title='bbox 448 1726 522 1770; x_wconf 89' lang='lat' dir='ltr'>vero</span> <span class='ocrx_word' id='word_1_113' title='bbox 547 1707 722 1788; x_wconf 81' lang='lat' dir='ltr'>quicquam</span> <span class='ocrx_word' id='word_1_114' title='bbox 744 1702 850 1783; x_wconf 85' lang='lat' dir='ltr'>video,</span> <span class='ocrx_word' id='word_1_115' title='bbox 872 1701 961 1786; x_wconf 87' lang='lat' dir='ltr'>quod</span> <span class='ocrx_word' id='word_1_116' title='bbox 982 1722 1048 1765; x_wconf 94' lang='lat' dir='ltr'>non</span> <span class='ocrx_word' id='word_1_117' title='bbox 1066 1700 1151 1765; x_wconf 89' lang='lat' dir='ltr'>idem</span> 
     </span>
     <span class='ocr_line' id='line_1_15' title="bbox 56 1801 1151 1890; baseline -0.005 -20"><span class='ocrx_word' id='word_1_118' title='bbox 56 1825 109 1870; x_wconf 85' lang='lat' dir='ltr'>ere</span> <span class='ocrx_word' id='word_1_119' title='bbox 132 1809 221 1870; x_wconf 85' lang='lat' dir='ltr'>certo</span> <span class='ocrx_word' id='word_1_120' title='bbox 244 1807 362 1884; x_wconf 74' lang='lat' dir='ltr'>seiam,</span> <span class='ocrx_word' id='word_1_121' title='bbox 384 1826 459 1870; x_wconf 83' lang='lat' dir='ltr'>nem</span> <span class='ocrx_word' id='word_1_122' title='bbox 482 1807 552 1884; x_wconf 88' lang='lat' dir='ltr'>etsi,</span> <span class='ocrx_word' id='word_1_123' title='bbox 571 1826 667 1890; x_wconf 92' lang='lat' dir='ltr'>quem</span> <span class='ocrx_word' id='word_1_124' title='bbox 685 1805 809 1870; x_wconf 87' lang='lat' dir='ltr'>exitum</span> <span class='ocrx_word' id='word_1_125' title='bbox 828 1803 912 1869; x_wconf 82' lang='lat' dir='ltr'>acies</span> <span class='ocrx_word' id='word_1_126' title='bbox 930 1801 1084 1866; x_wconf 83' lang='lat' dir='ltr'>habitura</span> <span class='ocrx_word' id='word_1_127' title='bbox 1100 1801 1151 1878; x_wconf 87' lang='lat' dir='ltr'>sit,</span> 
     </span>
     <span class='ocr_line' id='line_1_16' title="bbox 55 1900 1151 1988; baseline -0.005 -19"><span class='ocrx_word' id='word_1_128' title='bbox 55 1927 97 1970; x_wconf 81' lang='lat' dir='ltr'>‚re</span> <span class='ocrx_word' id='word_1_129' title='bbox 116 1926 209 1970; x_wconf 91' lang='lat' dir='ltr'>nemo</span> <span class='ocrx_word' id='word_1_130' title='bbox 227 1912 347 1988; x_wconf 84' lang='lat' dir='ltr'>potest,</span> <span class='ocrx_word' id='word_1_131' title='bbox 365 1911 474 1971; x_wconf 84' lang='lat' dir='ltr'>tamen</span> <span class='ocrx_word' id='word_1_132' title='bbox 493 1912 526 1971; x_wconf 90' lang='lat' dir='ltr'>et</span> <span class='ocrx_word' id='word_1_133' title='bbox 544 1906 620 1972; x_wconf 89' lang='lat' dir='ltr'>belli</span> <span class='ocrx_word' id='word_1_134' title='bbox 635 1907 757 1971; x_wconf 86' lang='lat' dir='ltr'>exitum</span> <span class='ocrx_word' id='word_1_135' title='bbox 776 1903 869 1971; x_wconf 84' lang='lat' dir='ltr'>video</span> <span class='ocrx_word' id='word_1_136' title='bbox 883 1909 925 1982; x_wconf 87' lang='lat' dir='ltr'>et,</span> <span class='ocrx_word' id='word_1_137' title='bbox 942 1902 970 1966; x_wconf 87' lang='lat' dir='ltr'>si</span> <span class='ocrx_word' id='word_1_138' title='bbox 984 1900 1018 1965; x_wconf 93' lang='lat' dir='ltr'>id</span> <span class='ocrx_word' id='word_1_139' title='bbox 1036 1900 1151 1980; x_wconf 84' lang='lat' dir='ltr'>minue,</span> 
     </span>
     <span class='ocr_line' id='line_1_17' title="bbox 55 2000 1152 2085; baseline -0.002 -17"><span class='ocrx_word' id='word_1_140' title='bbox 55 2002 161 2068; x_wconf 88' lang='lat' dir='ltr'>uidem</span> <span class='ocrx_word' id='word_1_141' title='bbox 185 2009 281 2082; x_wconf 85' lang='lat' dir='ltr'>certe,</span> <span class='ocrx_word' id='word_1_142' title='bbox 304 2024 376 2069; x_wconf 86' lang='lat' dir='ltr'>eum</span> <span class='ocrx_word' id='word_1_143' title='bbox 399 2006 441 2070; x_wconf 89' lang='lat' dir='ltr'>eit</span> <span class='ocrx_word' id='word_1_144' title='bbox 463 2026 590 2071; x_wconf 85' lang='lat' dir='ltr'>necesse</span> <span class='ocrx_word' id='word_1_145' title='bbox 606 2005 746 2071; x_wconf 81' lang='lat' dir='ltr'>alterum</span> <span class='ocrx_word' id='word_1_146' title='bbox 764 2011 874 2070; x_wconf 85' lang='lat' dir='ltr'>utrum</span> <span class='ocrx_word' id='word_1_147' title='bbox 893 2004 1027 2079; x_wconf 84' lang='lat' dir='ltr'>vincere,</span> <span class='ocrx_word' id='word_1_148' title='bbox 1045 2000 1152 2085; x_wconf 82' lang='lat' dir='ltr'>qualis</span> 
     </span>
     <span class='ocr_line' id='line_1_18' title="bbox 55 2101 1193 2189; baseline -0.005 -19"><span class='ocrx_word' id='word_1_149' title='bbox 55 2133 61 2170; x_wconf 84' lang='grc' dir='ltr'>ι</span> <span class='ocrx_word' id='word_1_150' title='bbox 82 2104 126 2169; x_wconf 86' lang='lat' dir='ltr'>eit</span> <span class='ocrx_word' id='word_1_151' title='bbox 148 2104 198 2168; x_wconf 87' lang='lat' dir='ltr'>vel</span> <span class='ocrx_word' id='word_1_152' title='bbox 219 2103 299 2169; x_wconf 87' lang='lat' dir='ltr'>heeo</span> <span class='ocrx_word' id='word_1_153' title='bbox 316 2105 366 2171; x_wconf 84' lang='lat' dir='ltr'>vel</span> <span class='ocrx_word' id='word_1_154' title='bbox 383 2106 441 2171; x_wconf 86' lang='lat' dir='ltr'>ille</span> <span class='ocrx_word' id='word_1_155' title='bbox 457 2106 600 2172; x_wconf 84' lang='lat' dir='ltr'>victorie.</span> <span class='ocrx_word' id='word_1_156' title='bbox 643 2105 746 2189; x_wconf 90' lang='lat' dir='ltr'>quue</span> <span class='ocrx_word' id='word_1_157' title='bbox 764 2126 836 2171; x_wconf 87' lang='lat' dir='ltr'>cum</span> <span class='ocrx_word' id='word_1_158' title='bbox 854 2105 975 2188; x_wconf 92' lang='lat' dir='ltr'>optime</span> <span class='ocrx_word' id='word_1_159' title='bbox 992 2101 1147 2186; x_wconf 83' lang='lat' dir='ltr'>perspexi,</span> <span class='ocrx_word' id='word_1_160' title='bbox 1176 2111 1193 2164; x_wconf 80' lang='lat'>8</span> 
     </span>
     <span class='ocr_line' id='line_1_19' title="bbox 55 2202 1150 2291; baseline -0.004 -22"><span class='ocrx_word' id='word_1_161' title='bbox 55 2204 105 2269; x_wconf 85' lang='lat' dir='ltr'>ale</span> <span class='ocrx_word' id='word_1_162' title='bbox 126 2203 229 2285; x_wconf 85' lang='lat' dir='ltr'>video,</span> <span class='ocrx_word' id='word_1_163' title='bbox 251 2203 333 2268; x_wconf 89' lang='lat' dir='ltr'>nihil</span> <span class='ocrx_word' id='word_1_164' title='bbox 354 2211 392 2269; x_wconf 89' lang='lat' dir='ltr'>ut</span> <span class='ocrx_word' id='word_1_165' title='bbox 413 2205 492 2271; x_wconf 86' lang='lat' dir='ltr'>meli</span> <span class='ocrx_word' id='word_1_166' title='bbox 514 2206 663 2270; x_wconf 82' lang='lat' dir='ltr'>videatur</span> <span class='ocrx_word' id='word_1_167' title='bbox 684 2204 841 2285; x_wconf 84' lang='lat' dir='ltr'>futurum,</span> <span class='ocrx_word' id='word_1_168' title='bbox 863 2204 890 2269; x_wconf 87' lang='lat' dir='ltr'>si</span> <span class='ocrx_word' id='word_1_169' title='bbox 911 2203 945 2268; x_wconf 94' lang='lat' dir='ltr'>id</span> <span class='ocrx_word' id='word_1_170' title='bbox 969 2202 1049 2291; x_wconf 88' lang='lat' dir='ltr'>[vel]</span> <span class='ocrx_word' id='word_1_171' title='bbox 1073 2208 1150 2267; x_wconf 86' lang='lat' dir='ltr'>ente</span> 
     </span>
     <span class='ocr_line' id='line_1_20' title="bbox 55 2302 1151 2389; baseline -0.001 -22"><span class='ocrx_word' id='word_1_172' title='bbox 55 2304 115 2384; x_wconf 69' lang='lat' dir='ltr'>erit,</span> <span class='ocrx_word' id='word_1_173' title='bbox 138 2302 225 2388; x_wconf 89' lang='lat' dir='ltr'>quod</span> <span class='ocrx_word' id='word_1_174' title='bbox 247 2304 296 2368; x_wconf 83' lang='lat' dir='ltr'>vel</span> <span class='ocrx_word' id='word_1_175' title='bbox 317 2307 493 2370; x_wconf 84' lang='lat' dir='ltr'>maximum</span> <span class='ocrx_word' id='word_1_176' title='bbox 515 2304 557 2371; x_wconf 87' lang='lat' dir='ltr'>ad</span> <span class='ocrx_word' id='word_1_177' title='bbox 579 2305 729 2371; x_wconf 87' lang='lat' dir='ltr'>timorem</span> <span class='ocrx_word' id='word_1_178' title='bbox 750 2305 962 2389; x_wconf 83' lang='lat' dir='ltr'>proponitur3</span> <span class='ocrx_word' id='word_1_179' title='bbox 993 2305 1043 2368; x_wconf 83' lang='lat' dir='ltr'>ite</span> <span class='ocrx_word' id='word_1_180' title='bbox 1066 2302 1151 2367; x_wconf 86' lang='lat' dir='ltr'>enirn</span> 
     </span>
     <span class='ocr_line' id='line_1_21' title="bbox 55 2405 1149 2486; baseline -0.001 -18"><span class='ocrx_word' id='word_1_181' title='bbox 55 2455 61 2482; x_wconf 88' lang='lat'>,</span> <span class='ocrx_word' id='word_1_182' title='bbox 85 2410 122 2469; x_wconf 89' lang='lat' dir='ltr'>ut</span> <span class='ocrx_word' id='word_1_183' title='bbox 144 2411 214 2469; x_wconf 89' lang='lat' dir='ltr'>tum</span> <span class='ocrx_word' id='word_1_184' title='bbox 235 2406 278 2470; x_wconf 87' lang='lat' dir='ltr'>sit</span> <span class='ocrx_word' id='word_1_185' title='bbox 299 2406 479 2486; x_wconf 86' lang='lat' dir='ltr'>vivendum,</span> <span class='ocrx_word' id='word_1_186' title='bbox 501 2407 716 2472; x_wconf 85' lang='lat' dir='ltr'>miserrimum</span> <span class='ocrx_word' id='word_1_187' title='bbox 739 2412 797 2485; x_wconf 85' lang='lat' dir='ltr'>est,</span> <span class='ocrx_word' id='word_1_188' title='bbox 821 2405 902 2470; x_wconf 85' lang='lat' dir='ltr'>mori</span> <span class='ocrx_word' id='word_1_189' title='bbox 925 2412 1034 2471; x_wconf 86' lang='lat' dir='ltr'>eutem</span> <span class='ocrx_word' id='word_1_190' title='bbox 1056 2423 1149 2468; x_wconf 92' lang='lat' dir='ltr'>nemo</span> 
     </span>
     <span class='ocr_line' id='line_1_22' title="bbox 55 2503 1148 2591; baseline -0.003 -22"><span class='ocrx_word' id='word_1_191' title='bbox 55 2526 73 2570; x_wconf 73' lang='lat' dir='ltr'>‚s</span> <span class='ocrx_word' id='word_1_192' title='bbox 95 2504 249 2569; x_wconf 88' lang='lat' dir='ltr'>miserum</span> <span class='ocrx_word' id='word_1_193' title='bbox 271 2504 361 2584; x_wconf 85' lang='lat' dir='ltr'>dixit,</span> <span class='ocrx_word' id='word_1_194' title='bbox 383 2526 422 2571; x_wconf 92' lang='lat' dir='ltr'>ne</span> <span class='ocrx_word' id='word_1_195' title='bbox 444 2506 541 2573; x_wconf 85' lang='lat' dir='ltr'>heato</span> <span class='ocrx_word' id='word_1_196' title='bbox 563 2505 702 2591; x_wconf 90' lang='lat' dir='ltr'>quidem.</span> <span class='ocrx_word' id='word_1_197' title='bbox 745 2505 808 2572; x_wconf 85' lang='lat' dir='ltr'>Sed</span> <span class='ocrx_word' id='word_1_198' title='bbox 829 2507 863 2569; x_wconf 92' lang='lat' dir='ltr'>in</span> <span class='ocrx_word' id='word_1_199' title='bbox 885 2525 924 2571; x_wconf 86' lang='lat' dir='ltr'>ea</span> <span class='ocrx_word' id='word_1_200' title='bbox 946 2527 979 2571; x_wconf 86' lang='lat' dir='ltr'>ee</span> <span class='ocrx_word' id='word_1_201' title='bbox 1001 2504 1092 2583; x_wconf 86' lang='lat' dir='ltr'>urhe,</span> <span class='ocrx_word' id='word_1_202' title='bbox 1114 2503 1148 2568; x_wconf 94' lang='lat' dir='ltr'>in</span> 
     </span>
     <span class='ocr_line' id='line_1_23' title="bbox 57 2604 1148 2690; baseline -0.001 -22"><span class='ocrx_word' id='word_1_203' title='bbox 57 2625 111 2670; x_wconf 84' lang='lat' dir='ltr'>aec</span> <span class='ocrx_word' id='word_1_204' title='bbox 133 2604 184 2668; x_wconf 84' lang='lat' dir='ltr'>vel</span> <span class='ocrx_word' id='word_1_205' title='bbox 204 2604 301 2687; x_wconf 81' lang='lat' dir='ltr'>pluro</span> <span class='ocrx_word' id='word_1_206' title='bbox 321 2611 354 2670; x_wconf 89' lang='lat' dir='ltr'>et</span> <span class='ocrx_word' id='word_1_207' title='bbox 377 2607 545 2672; x_wconf 82' lang='lat' dir='ltr'>ornatiora</span> <span class='ocrx_word' id='word_1_208' title='bbox 561 2606 701 2690; x_wconf 86' lang='lat' dir='ltr'>parietes</span> <span class='ocrx_word' id='word_1_209' title='bbox 718 2606 779 2688; x_wconf 82' lang='lat' dir='ltr'>ipsi</span> <span class='ocrx_word' id='word_1_210' title='bbox 798 2604 888 2689; x_wconf 92' lang='lat' dir='ltr'>loqui</span> <span class='ocrx_word' id='word_1_211' title='bbox 906 2626 999 2688; x_wconf 83' lang='lat' dir='ltr'>posse</span> <span class='ocrx_word' id='word_1_212' title='bbox 1016 2605 1148 2669; x_wconf 79' lang='lat' dir='ltr'>videan-</span> 
     </span>
     <span class='ocr_line' id='line_1_24' title="bbox 55 2703 1191 2785; baseline -0.001 -18"><span class='ocrx_word' id='word_1_213' title='bbox 55 2704 124 2785; x_wconf 82' lang='lat' dir='ltr'>Ego</span> <span class='ocrx_word' id='word_1_214' title='bbox 146 2705 208 2770; x_wconf 88' lang='lat' dir='ltr'>tibi</span> <span class='ocrx_word' id='word_1_215' title='bbox 229 2706 290 2771; x_wconf 87' lang='lat' dir='ltr'>hoo</span> <span class='ocrx_word' id='word_1_216' title='bbox 311 2705 473 2785; x_wconf 88' lang='lat' dir='ltr'>confirmo,</span> <span class='ocrx_word' id='word_1_217' title='bbox 495 2708 555 2772; x_wconf 87' lang='lat' dir='ltr'>etsi</span> <span class='ocrx_word' id='word_1_218' title='bbox 576 2707 654 2774; x_wconf 82' lang='lat' dir='ltr'>levis</span> <span class='ocrx_word' id='word_1_219' title='bbox 675 2713 723 2773; x_wconf 88' lang='lat' dir='ltr'>eet</span> <span class='ocrx_word' id='word_1_220' title='bbox 745 2706 924 2772; x_wconf 85' lang='lat' dir='ltr'>consolatio</span> <span class='ocrx_word' id='word_1_221' title='bbox 952 2726 991 2770; x_wconf 85' lang='lat' dir='ltr'>ex</span> <span class='ocrx_word' id='word_1_222' title='bbox 1012 2703 1147 2770; x_wconf 80' lang='lat' dir='ltr'>miseriis</span> <span class='ocrx_word' id='word_1_223' title='bbox 1172 2713 1191 2766; x_wconf 80' lang='lat'>4</span> 
     </span>
     <span class='ocr_line' id='line_1_25' title="bbox 54 2803 1149 2890; baseline 0.001 -24"><span class='ocrx_word' id='word_1_224' title='bbox 54 2824 97 2883; x_wconf 80' lang='lat' dir='ltr'>nn,</span> <span class='ocrx_word' id='word_1_225' title='bbox 119 2803 223 2868; x_wconf 91' lang='lat' dir='ltr'>nihilo</span> <span class='ocrx_word' id='word_1_226' title='bbox 245 2810 277 2869; x_wconf 90' lang='lat' dir='ltr'>te</span> <span class='ocrx_word' id='word_1_227' title='bbox 298 2825 384 2870; x_wconf 87' lang='lat' dir='ltr'>nuno</span> <span class='ocrx_word' id='word_1_228' title='bbox 404 2807 526 2871; x_wconf 81' lang='lat' dir='ltr'>maiore</span> <span class='ocrx_word' id='word_1_229' title='bbox 547 2807 580 2870; x_wconf 92' lang='lat' dir='ltr'>in</span> <span class='ocrx_word' id='word_1_230' title='bbox 602 2806 785 2872; x_wconf 83' lang='lat' dir='ltr'>discrimine</span> <span class='ocrx_word' id='word_1_231' title='bbox 803 2827 870 2872; x_wconf 85' lang='lat' dir='ltr'>esee</span> <span class='ocrx_word' id='word_1_232' title='bbox 889 2826 988 2889; x_wconf 83' lang='lat' dir='ltr'>quem</span> <span class='ocrx_word' id='word_1_233' title='bbox 1005 2803 1149 2890; x_wconf 82' lang='lat' dir='ltr'>quemvis</span> 
     </span>
    </p>
   </div>
   <div class='ocr_carea' id='block_1_4' title="bbox 55 3087 1153 4580">
    <p class='ocr_par' dir='ltr' id='par_1_4' title="bbox 55 3087 1153 3911">
     <span class='ocr_line' id='line_1_26' title="bbox 55 3087 1152 3160; baseline 0 -16"><span class='ocrx_word' id='word_1_234' title='bbox 55 3091 68 3144; x_wconf 80' lang='grc' dir='ltr'>ἶ.</span> <span class='ocrx_word' id='word_1_235' title='bbox 94 3095 117 3144; x_wconf 92' lang='grc'>1.</span> <span class='ocrx_word' id='word_1_236' title='bbox 138 3091 320 3156; x_wconf 78' lang='lat' dir='ltr'>Superioriboe</span> <span class='ocrx_word' id='word_1_237' title='bbox 336 3089 438 3159; x_wconf 74' lang='lat' dir='ltr'>littere&#39;e]</span> <span class='ocrx_word' id='word_1_238' title='bbox 455 3091 526 3145; x_wconf 89' lang='lat' dir='ltr'>eben</span> <span class='ocrx_word' id='word_1_239' title='bbox 568 3091 663 3160; x_wconf 83' lang='lat' dir='ltr'>Sieger</span> <span class='ocrx_word' id='word_1_240' title='bbox 688 3090 742 3157; x_wconf 88' lang='lat' dir='ltr'>iet,</span> <span class='ocrx_word' id='word_1_241' title='bbox 776 3089 822 3145; x_wconf 89' lang='lat' dir='ltr'>die</span> <span class='ocrx_word' id='word_1_242' title='bbox 852 3089 936 3159; x_wconf 83' lang='lat' dir='ltr'>Folge</span> <span class='ocrx_word' id='word_1_243' title='bbox 965 3089 1034 3142; x_wconf 89' lang='lat' dir='ltr'>wird</span> <span class='ocrx_word' id='word_1_244' title='bbox 1061 3087 1152 3158; x_wconf 83' lang='lat' dir='ltr'>gleieh</span> 
     </span>
     <span class='ocr_line' id='line_1_27' title="bbox 75 3171 1153 3244; baseline 0 -18"><span class='ocrx_word' id='word_1_245' title='bbox 75 3204 102 3214; x_wconf 96' lang='lat'>-</span> <span class='ocrx_word' id='word_1_246' title='bbox 121 3172 276 3244; x_wconf 78' lang='lat' dir='ltr'>quamquo]</span> <span class='ocrx_word' id='word_1_247' title='bbox 294 3191 336 3243; x_wconf 89' lang='lat' dir='ltr'>ep.</span> <span class='ocrx_word' id='word_1_248' title='bbox 349 3178 406 3243; x_wconf 80' lang='lat'>134,</span> <span class='ocrx_word' id='word_1_249' title='bbox 423 3179 452 3242; x_wconf 79' lang='lat'>43</span> <span class='ocrx_word' id='word_1_250' title='bbox 469 3176 524 3230; x_wconf 85' lang='lat' dir='ltr'>PA.</span> <span class='ocrx_word' id='word_1_251' title='bbox 567 3174 695 3228; x_wconf 78' lang='lat' dir='ltr'>schlimm</span> <span class='ocrx_word' id='word_1_252' title='bbox 712 3174 781 3228; x_wconf 77' lang='lat' dir='ltr'>sein.</span> <span class='ocrx_word' id='word_1_253' title='bbox 800 3174 855 3227; x_wconf 84' lang='lat' dir='ltr'>ldit</span> <span class='ocrx_word' id='word_1_254' title='bbox 872 3171 1153 3243; x_wconf 76' lang='lat' dir='ltr'>groeeerBehuteam·</span> 
     </span>
     <span class='ocr_line' id='line_1_28' title="bbox 60 3256 1151 3327; baseline 0.001 -16"><span class='ocrx_word' id='word_1_255' title='bbox 60 3274 83 3311; x_wconf 86' lang='lat' dir='ltr'>e.</span> <span class='ocrx_word' id='word_1_256' title='bbox 100 3260 142 3323; x_wconf 79' lang='lat' dir='ltr'>A..</span> <span class='ocrx_word' id='word_1_257' title='bbox 151 3261 176 3311; x_wconf 83' lang='lat'>2.</span> <span class='ocrx_word' id='word_1_258' title='bbox 568 3257 627 3312; x_wconf 84' lang='lat' dir='ltr'>keil</span> <span class='ocrx_word' id='word_1_259' title='bbox 645 3259 691 3321; x_wconf 87' lang='lat' dir='ltr'>iet,</span> <span class='ocrx_word' id='word_1_260' title='bbox 711 3259 764 3311; x_wconf 88' lang='lat' dir='ltr'>wie</span> <span class='ocrx_word' id='word_1_261' title='bbox 781 3257 820 3310; x_wconf 91' lang='lat' dir='ltr'>im</span> <span class='ocrx_word' id='word_1_262' title='bbox 839 3256 952 3325; x_wconf 81' lang='lat' dir='ltr'>Anfeng</span> <span class='ocrx_word' id='word_1_263' title='bbox 969 3256 1017 3310; x_wconf 83' lang='lat' dir='ltr'>dee</span> <span class='ocrx_word' id='word_1_264' title='bbox 1035 3258 1151 3327; x_wconf 78' lang='lat' dir='ltr'>rorigen</span> 
     </span>
     <span class='ocr_line' id='line_1_29' title="bbox 55 3339 1152 3409; baseline 0.004 -19"><span class='ocrx_word' id='word_1_265' title='bbox 55 3343 84 3408; x_wconf 71' lang='lat' dir='ltr'>m]</span> <span class='ocrx_word' id='word_1_266' title='bbox 102 3341 154 3394; x_wconf 87' lang='lat' dir='ltr'>wie</span> <span class='ocrx_word' id='word_1_267' title='bbox 170 3341 215 3394; x_wconf 87' lang='lat' dir='ltr'>ioh</span> <span class='ocrx_word' id='word_1_268' title='bbox 232 3340 342 3394; x_wconf 87' lang='lat' dir='ltr'>neulioh</span> <span class='ocrx_word' id='word_1_269' title='bbox 368 3340 448 3394; x_wconf 71' lang='lat' dir='ltr'>heroe</span> <span class='ocrx_word' id='word_1_270' title='bbox 466 3341 525 3394; x_wconf 85' lang='lat' dir='ltr'>eein</span> <span class='ocrx_word' id='word_1_271' title='bbox 567 3341 679 3409; x_wconf 83' lang='lat' dir='ltr'>Briefee,</span> <span class='ocrx_word' id='word_1_272' title='bbox 693 3340 757 3409; x_wconf 89' lang='lat' dir='ltr'>jede</span> <span class='ocrx_word' id='word_1_273' title='bbox 773 3340 913 3409; x_wconf 83' lang='lat' dir='ltr'>Nonnung</span> <span class='ocrx_word' id='word_1_274' title='bbox 939 3339 1013 3394; x_wconf 79' lang='lat' dir='ltr'>eines</span> <span class='ocrx_word' id='word_1_275' title='bbox 1031 3340 1152 3396; x_wconf 81' lang='lat' dir='ltr'>Nemone</span> 
     </span>
     <span class='ocr_line' id='line_1_30' title="bbox 55 3422 1151 3492; baseline 0.001 -14"><span class='ocrx_word' id='word_1_276' title='bbox 55 3424 115 3478; x_wconf 90' lang='lat' dir='ltr'>eine</span> <span class='ocrx_word' id='word_1_277' title='bbox 132 3426 222 3478; x_wconf 87' lang='lat' dir='ltr'>Kiirze</span> <span class='ocrx_word' id='word_1_278' title='bbox 239 3424 287 3479; x_wconf 83' lang='lat' dir='ltr'>dee</span> <span class='ocrx_word' id='word_1_279' title='bbox 298 3423 468 3491; x_wconf 84' lang='lat' dir='ltr'>Auedruoke,</span> <span class='ocrx_word' id='word_1_280' title='bbox 480 3424 526 3478; x_wconf 87' lang='lat' dir='ltr'>die</span> <span class='ocrx_word' id='word_1_281' title='bbox 567 3425 735 3480; x_wconf 87' lang='lat' dir='ltr'>vermieden.</span> <span class='ocrx_word' id='word_1_282' title='bbox 750 3455 782 3464; x_wconf 86' lang='lat'>—</span> <span class='ocrx_word' id='word_1_283' title='bbox 796 3427 819 3476; x_wconf 81' lang='lat' dir='ltr'>ei</span> <span class='ocrx_word' id='word_1_284' title='bbox 835 3426 864 3476; x_wconf 83' lang='lat' dir='ltr'>id</span> <span class='ocrx_word' id='word_1_285' title='bbox 875 3422 972 3492; x_wconf 73' lang='lat' dir='ltr'>minue]</span> <span class='ocrx_word' id='word_1_286' title='bbox 982 3442 1063 3479; x_wconf 80' lang='lat' dir='ltr'>wenn</span> <span class='ocrx_word' id='word_1_287' title='bbox 1081 3425 1151 3479; x_wconf 75' lang='lat' dir='ltr'>euoh</span> 
     </span>
     <span class='ocr_line' id='line_1_31' title="bbox 55 3507 1152 3578; baseline 0 -17"><span class='ocrx_word' id='word_1_288' title='bbox 55 3508 120 3562; x_wconf 66' lang='lat' dir='ltr'>efetil</span> <span class='ocrx_word' id='word_1_289' title='bbox 146 3525 198 3578; x_wconf 77' lang='lat' dir='ltr'>ger</span> <span class='ocrx_word' id='word_1_290' title='bbox 220 3507 285 3562; x_wconf 82' lang='lat' dir='ltr'>hein</span> <span class='ocrx_word' id='word_1_291' title='bbox 302 3507 450 3562; x_wconf 87' lang='lat' dir='ltr'>Bedenken</span> <span class='ocrx_word' id='word_1_292' title='bbox 468 3508 525 3562; x_wconf 82' lang='lat' dir='ltr'>het.</span> <span class='ocrx_word' id='word_1_293' title='bbox 568 3510 626 3563; x_wconf 80' lang='lat' dir='ltr'>dieo</span> <span class='ocrx_word' id='word_1_294' title='bbox 644 3509 722 3563; x_wconf 86' lang='lat' dir='ltr'>nieht</span> <span class='ocrx_word' id='word_1_295' title='bbox 748 3508 838 3562; x_wconf 84' lang='lat' dir='ltr'>eioher</span> <span class='ocrx_word' id='word_1_296' title='bbox 854 3508 907 3561; x_wconf 87' lang='lat' dir='ltr'>iet:</span> <span class='ocrx_word' id='word_1_297' title='bbox 929 3523 1000 3562; x_wconf 80' lang='lat' dir='ltr'>wem</span> <span class='ocrx_word' id='word_1_298' title='bbox 1023 3508 1073 3563; x_wconf 86' lang='lat' dir='ltr'>der</span> <span class='ocrx_word' id='word_1_299' title='bbox 1089 3507 1152 3577; x_wconf 83' lang='lat' dir='ltr'>Sieg</span> 
     </span>
     <span class='ocr_line' id='line_1_32' title="bbox 55 3589 1150 3659; baseline 0.002 -17"><span class='ocrx_word' id='word_1_300' title='bbox 55 3592 86 3643; x_wconf 44' lang='lat' dir='ltr'>¹iol</span> <span class='ocrx_word' id='word_1_301' title='bbox 102 3594 224 3644; x_wconf 74' lang='lat' dir='ltr'>audimur</span> <span class='ocrx_word' id='word_1_302' title='bbox 241 3608 331 3643; x_wconf 78' lang='lat' dir='ltr'>earum</span> <span class='ocrx_word' id='word_1_303' title='bbox 344 3589 443 3659; x_wconf 57' lang='lat' dir='ltr'>reum]</span> <span class='ocrx_word' id='word_1_304' title='bbox 461 3607 526 3657; x_wconf 79' lang='lat' dir='ltr'>quoe</span> <span class='ocrx_word' id='word_1_305' title='bbox 567 3593 674 3648; x_wconf 74' lang='lat' dir='ltr'>znfrillt.</span> <span class='ocrx_word' id='word_1_306' title='bbox 698 3621 732 3631; x_wconf 92' lang='lat'>-</span> <span class='ocrx_word' id='word_1_307' title='bbox 757 3594 797 3646; x_wconf 79' lang='lat' dir='ltr'>vel</span> <span class='ocrx_word' id='word_1_308' title='bbox 821 3593 884 3645; x_wconf 81' lang='lat' dir='ltr'>hoec</span> <span class='ocrx_word' id='word_1_309' title='bbox 905 3593 945 3644; x_wconf 79' lang='lat' dir='ltr'>vel</span> <span class='ocrx_word' id='word_1_310' title='bbox 969 3593 1017 3643; x_wconf 83' lang='lat' dir='ltr'>illa</span> <span class='ocrx_word' id='word_1_311' title='bbox 1033 3589 1150 3659; x_wconf 81' lang='lat' dir='ltr'>victorio]</span> 
     </span>
     <span class='ocr_line' id='line_1_33' title="bbox 55 3672 1152 3742; baseline 0.003 -17"><span class='ocrx_word' id='word_1_312' title='bbox 55 3677 113 3726; x_wconf 75' lang='lat' dir='ltr'>rin</span> <span class='ocrx_word' id='word_1_313' title='bbox 129 3677 269 3742; x_wconf 67' lang='lat' dir='ltr'>Hispania.</span> <span class='ocrx_word' id='word_1_314' title='bbox 287 3674 439 3728; x_wconf 79' lang='lat' dir='ltr'>Manutius.</span> <span class='ocrx_word' id='word_1_315' title='bbox 466 3672 525 3727; x_wconf 88' lang='lat' dir='ltr'>Von</span> <span class='ocrx_word' id='word_1_316' title='bbox 568 3676 645 3730; x_wconf 88' lang='lat' dir='ltr'>einer</span> <span class='ocrx_word' id='word_1_317' title='bbox 670 3676 736 3731; x_wconf 88' lang='lat' dir='ltr'>oder</span> <span class='ocrx_word' id='word_1_318' title='bbox 761 3675 812 3729; x_wconf 84' lang='lat' dir='ltr'>der</span> <span class='ocrx_word' id='word_1_319' title='bbox 836 3674 943 3728; x_wconf 75' lang='lat' dir='ltr'>andern</span> <span class='ocrx_word' id='word_1_320' title='bbox 970 3674 1073 3740; x_wconf 77' lang='lat' dir='ltr'>Portet,</span> <span class='ocrx_word' id='word_1_321' title='bbox 1100 3676 1152 3729; x_wconf 85' lang='lat' dir='ltr'>wie</span> 
     </span>
     <span class='ocr_line' id='line_1_34' title="bbox 63 3758 1151 3828; baseline 0 -16"><span class='ocrx_word' id='word_1_322' title='bbox 63 3764 166 3812; x_wconf 84' lang='lat' dir='ltr'>erotem</span> <span class='ocrx_word' id='word_1_323' title='bbox 191 3758 263 3827; x_wconf 80' lang='lat' dir='ltr'>Sieg,</span> <span class='ocrx_word' id='word_1_324' title='bbox 288 3758 338 3813; x_wconf 88' lang='lat' dir='ltr'>der</span> <span class='ocrx_word' id='word_1_325' title='bbox 362 3758 526 3826; x_wconf 82' lang='lat' dir='ltr'>Eroherung</span> <span class='ocrx_word' id='word_1_326' title='bbox 567 3776 633 3813; x_wconf 81' lang='lat' dir='ltr'>men</span> <span class='ocrx_word' id='word_1_327' title='bbox 657 3763 720 3828; x_wconf 80' lang='lat' dir='ltr'>eegt</span> <span class='ocrx_word' id='word_1_328' title='bbox 744 3761 786 3812; x_wconf 83' lang='lat' dir='ltr'>hie</span> <span class='ocrx_word' id='word_1_329' title='bbox 811 3760 893 3824; x_wconf 82' lang='lat' dir='ltr'>dolor,</span> <span class='ocrx_word' id='word_1_330' title='bbox 919 3759 960 3811; x_wconf 81' lang='lat' dir='ltr'>hio</span> <span class='ocrx_word' id='word_1_331' title='bbox 976 3769 1064 3824; x_wconf 72' lang='lat' dir='ltr'>moue,</span> <span class='ocrx_word' id='word_1_332' title='bbox 1089 3759 1151 3812; x_wconf 81' lang='lat' dir='ltr'>haee</span> 
     </span>
     <span class='ocr_line' id='line_1_35' title="bbox 55 3841 710 3911; baseline 0.003 -17"><span class='ocrx_word' id='word_1_333' title='bbox 55 3859 122 3909; x_wconf 80' lang='lat' dir='ltr'>egue</span> <span class='ocrx_word' id='word_1_334' title='bbox 140 3843 176 3908; x_wconf 88' lang='lat' dir='ltr'>(b.</span> <span class='ocrx_word' id='word_1_335' title='bbox 195 3842 273 3910; x_wconf 81' lang='lat' dir='ltr'>Hiep.</span> <span class='ocrx_word' id='word_1_336' title='bbox 293 3844 332 3907; x_wconf 89' lang='grc'>19,</span> <span class='ocrx_word' id='word_1_337' title='bbox 350 3844 381 3895; x_wconf 83' lang='lat'>6:</span> <span class='ocrx_word' id='word_1_338' title='bbox 402 3841 442 3894; x_wconf 88' lang='lat' dir='ltr'>Xl</span> <span class='ocrx_word' id='word_1_339' title='bbox 465 3841 525 3895; x_wconf 79' lang='lat' dir='ltr'>Kal.</span> <span class='ocrx_word' id='word_1_340' title='bbox 567 3861 625 3911; x_wconf 74' lang='lat' dir='ltr'>oper</span> <span class='ocrx_word' id='word_1_341' title='bbox 640 3861 666 3896; x_wconf 89' lang='lat' dir='ltr'>n.</span> <span class='ocrx_word' id='word_1_342' title='bbox 685 3845 710 3896; x_wconf 72' lang='lat' dir='ltr'>e.</span> 
     </span>
    </p>

    <p class='ocr_par' dir='ltr' id='par_1_5' title="bbox 70 3923 526 3979">
     <span class='ocr_line' id='line_1_36' title="bbox 70 3923 526 3979; baseline 0.002 -2"><span class='ocrx_word' id='word_1_343' title='bbox 70 3924 176 3979; x_wconf 86' lang='lat' dir='ltr'>konnte</span> <span class='ocrx_word' id='word_1_344' title='bbox 201 3942 267 3979; x_wconf 80' lang='lat' dir='ltr'>men</span> <span class='ocrx_word' id='word_1_345' title='bbox 289 3926 319 3978; x_wconf 92' lang='lat' dir='ltr'>in</span> <span class='ocrx_word' id='word_1_346' title='bbox 338 3924 409 3979; x_wconf 90' lang='lat' dir='ltr'>Rom</span> <span class='ocrx_word' id='word_1_347' title='bbox 435 3923 526 3978; x_wconf 84' lang='lat' dir='ltr'>friihe·</span> 
     </span>
    </p>

    <p class='ocr_par' dir='ltr' id='par_1_6' title="bbox 55 4006 1152 4580">
     <span class='ocr_line' id='line_1_37' title="bbox 55 4006 1152 4077; baseline 0.003 -18"><span class='ocrx_word' id='word_1_348' title='bbox 55 4007 109 4060; x_wconf 91' lang='lat' dir='ltr'>nde</span> <span class='ocrx_word' id='word_1_349' title='bbox 117 4008 193 4062; x_wconf 72' lang='lat' dir='ltr'>Mtrz</span> <span class='ocrx_word' id='word_1_350' title='bbox 205 4011 239 4063; x_wconf 80' lang='lat'>45</span> <span class='ocrx_word' id='word_1_351' title='bbox 254 4007 406 4064; x_wconf 81' lang='lat' dir='ltr'>Neohrieht</span> <span class='ocrx_word' id='word_1_352' title='bbox 423 4007 522 4062; x_wconf 81' lang='lat' dir='ltr'>heben.</span> <span class='ocrx_word' id='word_1_353' title='bbox 597 4009 621 4062; x_wconf 84' lang='grc'>3.</span> <span class='ocrx_word' id='word_1_354' title='bbox 639 4011 692 4062; x_wconf 81' lang='lat' dir='ltr'>tale</span> <span class='ocrx_word' id='word_1_355' title='bbox 707 4007 788 4077; x_wconf 75' lang='lat' dir='ltr'>video]</span> <span class='ocrx_word' id='word_1_356' title='bbox 807 4008 872 4064; x_wconf 86' lang='lat' dir='ltr'>eehe</span> <span class='ocrx_word' id='word_1_357' title='bbox 889 4007 943 4075; x_wconf 90' lang='lat' dir='ltr'>ioh,</span> <span class='ocrx_word' id='word_1_358' title='bbox 969 4006 1033 4060; x_wconf 81' lang='lat' dir='ltr'>dees</span> <span class='ocrx_word' id='word_1_359' title='bbox 1051 4023 1079 4061; x_wconf 84' lang='lat' dir='ltr'>ee</span> <span class='ocrx_word' id='word_1_360' title='bbox 1098 4009 1152 4063; x_wconf 87' lang='lat' dir='ltr'>mit</span> 
     </span>
     <span class='ocr_line' id='line_1_38' title="bbox 59 4090 1152 4161; baseline 0 -17"><span class='ocrx_word' id='word_1_361' title='bbox 59 4091 282 4161; x_wconf 57' lang='lat' dir='ltr'>...beelteem</span> <span class='ocrx_word' id='word_1_362' title='bbox 294 4109 372 4146; x_wconf 86' lang='lat' dir='ltr'>wenn</span> <span class='ocrx_word' id='word_1_363' title='bbox 382 4091 441 4145; x_wconf 83' lang='lat' dir='ltr'>eioh</span> <span class='ocrx_word' id='word_1_364' title='bbox 452 4091 524 4145; x_wconf 85' lang='lat' dir='ltr'>euoh</span> <span class='ocrx_word' id='word_1_365' title='bbox 566 4090 617 4144; x_wconf 86' lang='lat' dir='ltr'>der</span> <span class='ocrx_word' id='word_1_366' title='bbox 633 4090 720 4146; x_wconf 80' lang='lat' dir='ltr'>Seohe</span> <span class='ocrx_word' id='word_1_367' title='bbox 741 4093 789 4147; x_wconf 90' lang='lat' dir='ltr'>die</span> <span class='ocrx_word' id='word_1_368' title='bbox 805 4091 984 4147; x_wconf 81' lang='lat' dir='ltr'>Bewendtnie</span> <span class='ocrx_word' id='word_1_369' title='bbox 1002 4090 1060 4145; x_wconf 84' lang='lat' dir='ltr'>het.</span> <span class='ocrx_word' id='word_1_370' title='bbox 1079 4121 1111 4131; x_wconf 89' lang='lat'>-</span> <span class='ocrx_word' id='word_1_371' title='bbox 1128 4094 1152 4144; x_wconf 78' lang='lat' dir='ltr'>ei</span> 
     </span>
     <span class='ocr_line' id='line_1_39' title="bbox 55 4173 1151 4245; baseline -0.001 -18"><span class='ocrx_word' id='word_1_372' title='bbox 55 4192 66 4227; x_wconf 87' lang='lat'>1</span> <span class='ocrx_word' id='word_1_373' title='bbox 96 4192 211 4244; x_wconf 81' lang='lat' dir='ltr'>groeeen</span> <span class='ocrx_word' id='word_1_374' title='bbox 243 4175 443 4229; x_wconf 74' lang='lat' dir='ltr'>Streitkr&#39;tften</span> <span class='ocrx_word' id='word_1_375' title='bbox 474 4175 524 4228; x_wconf 88' lang='lat' dir='ltr'>der</span> <span class='ocrx_word' id='word_1_376' title='bbox 564 4176 595 4228; x_wconf 77' lang='lat' dir='ltr'>id</span> <span class='ocrx_word' id='word_1_377' title='bbox 612 4174 744 4245; x_wconf 72' lang='lat' dir='ltr'>acciderit]</span> <span class='ocrx_word' id='word_1_378' title='bbox 764 4176 886 4229; x_wconf 80' lang='lat' dir='ltr'>niimlioh</span> <span class='ocrx_word' id='word_1_379' title='bbox 912 4175 961 4228; x_wconf 88' lang='lat' dir='ltr'>der</span> <span class='ocrx_word' id='word_1_380' title='bbox 987 4173 1054 4228; x_wconf 90' lang='lat' dir='ltr'>Tod.</span> <span class='ocrx_word' id='word_1_381' title='bbox 1071 4205 1104 4214; x_wconf 95' lang='lat'>-</span> <span class='ocrx_word' id='word_1_382' title='bbox 1121 4184 1151 4227; x_wconf 78' lang='lat' dir='ltr'>ut</span> 
     </span>
     <span class='ocr_line' id='line_1_40' title="bbox 55 4257 1151 4328; baseline 0.001 -17"><span class='ocrx_word' id='word_1_383' title='bbox 55 4257 523 4314; x_wconf 80' lang='lat' dir='ltr'>enendeeSohiokeelderSehlaoht</span> <span class='ocrx_word' id='word_1_384' title='bbox 563 4267 619 4311; x_wconf 78' lang='lat' dir='ltr'>tum</span> <span class='ocrx_word' id='word_1_385' title='bbox 644 4261 678 4312; x_wconf 76' lang='lat' dir='ltr'>rit</span> <span class='ocrx_word' id='word_1_386' title='bbox 704 4258 853 4328; x_wconf 77' lang='lat' dir='ltr'>vivendum]</span> <span class='ocrx_word' id='word_1_387' title='bbox 882 4257 943 4313; x_wconf 84' lang='lat' dir='ltr'>‘wie</span> <span class='ocrx_word' id='word_1_388' title='bbox 975 4274 1040 4311; x_wconf 80' lang='lat' dir='ltr'>men</span> <span class='ocrx_word' id='word_1_389' title='bbox 1074 4257 1151 4312; x_wconf 75' lang='lat' dir='ltr'>donn</span> 
     </span>
     <span class='ocr_line' id='line_1_41' title="bbox 55 4340 1151 4412; baseline 0 -16"><span class='ocrx_word' id='word_1_390' title='bbox 55 4344 214 4397; x_wconf 82' lang='lat' dir='ltr'>›reneeehen</span> <span class='ocrx_word' id='word_1_391' title='bbox 228 4345 306 4410; x_wconf 69' lang='lat' dir='ltr'>linet,</span> <span class='ocrx_word' id='word_1_392' title='bbox 322 4360 352 4397; x_wconf 86' lang='lat' dir='ltr'>eo</span> <span class='ocrx_word' id='word_1_393' title='bbox 363 4342 465 4412; x_wconf 83' lang='lat' dir='ltr'>gleube</span> <span class='ocrx_word' id='word_1_394' title='bbox 476 4341 522 4396; x_wconf 87' lang='lat' dir='ltr'>ioh</span> <span class='ocrx_word' id='word_1_395' title='bbox 564 4341 645 4396; x_wconf 91' lang='lat' dir='ltr'>leben</span> <span class='ocrx_word' id='word_1_396' title='bbox 662 4345 784 4407; x_wconf 81' lang='lat' dir='ltr'>miieete’,</span> <span class='ocrx_word' id='word_1_397' title='bbox 796 4359 877 4396; x_wconf 85' lang='lat' dir='ltr'>wenn</span> <span class='ocrx_word' id='word_1_398' title='bbox 892 4341 937 4395; x_wconf 89' lang='lat' dir='ltr'>die</span> <span class='ocrx_word' id='word_1_399' title='bbox 949 4341 1011 4397; x_wconf 92' lang='lat' dir='ltr'>eine</span> <span class='ocrx_word' id='word_1_400' title='bbox 1025 4340 1092 4395; x_wconf 88' lang='lat' dir='ltr'>oder</span> <span class='ocrx_word' id='word_1_401' title='bbox 1105 4341 1151 4396; x_wconf 90' lang='lat' dir='ltr'>die</span> 
     </span>
     <span class='ocr_line' id='line_1_42' title="bbox 55 4423 1151 4496; baseline 0 -16"><span class='ocrx_word' id='word_1_402' title='bbox 55 4427 186 4493; x_wconf 75' lang='lat' dir='ltr'>rwieeen,</span> <span class='ocrx_word' id='word_1_403' title='bbox 210 4443 269 4482; x_wconf 83' lang='lat' dir='ltr'>wer</span> <span class='ocrx_word' id='word_1_404' title='bbox 294 4424 462 4483; x_wconf 82' lang='lat' dir='ltr'>eohlieeelioh</span> <span class='ocrx_word' id='word_1_405' title='bbox 479 4427 520 4480; x_wconf 75' lang='lat' dir='ltr'>ele</span> <span class='ocrx_word' id='word_1_406' title='bbox 562 4424 665 4479; x_wconf 84' lang='lat' dir='ltr'>endere</span> <span class='ocrx_word' id='word_1_407' title='bbox 691 4424 786 4480; x_wconf 79' lang='lat' dir='ltr'>Per-tei</span> <span class='ocrx_word' id='word_1_408' title='bbox 811 4426 865 4480; x_wconf 89' lang='lat' dir='ltr'>den</span> <span class='ocrx_word' id='word_1_409' title='bbox 891 4423 955 4496; x_wconf 77' lang='lat' dir='ltr'>Sieg</span> <span class='ocrx_word' id='word_1_410' title='bbox 985 4426 1077 4480; x_wconf 79' lang='lat' dir='ltr'>daron</span> <span class='ocrx_word' id='word_1_411' title='bbox 1104 4441 1151 4495; x_wconf 81' lang='lat' dir='ltr'>ge·</span> 
     </span>
     <span class='ocr_line' id='line_1_43' title="bbox 63 4508 774 4580; baseline 0.001 -18"><span class='ocrx_word' id='word_1_412' title='bbox 63 4508 246 4580; x_wconf 78' lang='lat' dir='ltr'>hervorgeht:</span> <span class='ocrx_word' id='word_1_413' title='bbox 276 4526 333 4564; x_wconf 86' lang='lat' dir='ltr'>wer</span> <span class='ocrx_word' id='word_1_414' title='bbox 358 4510 425 4565; x_wconf 80' lang='lat' dir='ltr'>eber</span> <span class='ocrx_word' id='word_1_415' title='bbox 449 4509 520 4565; x_wconf 84' lang='lat' dir='ltr'>enoh</span> <span class='ocrx_word' id='word_1_416' title='bbox 562 4512 665 4580; x_wconf 77' lang='lat' dir='ltr'>tregen</span> <span class='ocrx_word' id='word_1_417' title='bbox 680 4508 774 4564; x_wconf 69' lang='lat' dir='ltr'>hitto.</span> 
     </span>
    </p>
   </div>
   <div class='ocr_carea' id='block_1_5' title="bbox 0 0 1306 4890">
    <p class='ocr_par' dir='ltr' id='par_1_7' title="bbox 0 0 1306 4890">
     <span class='ocr_line' id='line_1_44' title="bbox 0 0 1306 4890; baseline 0 0"><span class='ocrx_word' id='word_1_418' title='bbox 0 0 1306 4890; x_wconf 95' lang='lat' dir='ltr'> </span> 
     </span>
    </p>
   </div>
  </div>
 </body>
</html>
