2602 4890
112 210 173 274 458
597 210 642 264 Ad
658 211 724 264 fam
740 208 776 273 Χ,
794 212 833 264 12.
1173 210 1200 280 [Ε]

112 374 156 442 Μ.
176 374 357 439 Varisidius
379 374 570 439 reddidisset
590 394 709 458 easque
730 376 886 459 legissem,
904 374 1089 441 incredibili
1106 375 1200 459 gaudi(

113 476 227 555 elatus,
257 495 394 558 cumque
415 496 536 558 magna
557 474 731 541 multitudo
762 478 959 558 optimorum
981 478 1125 541 virorum
1145 484 1200 543 etr

112 597 164 641 me
187 576 226 642 de
248 574 343 641 domo
365 576 550 656 deduceret,
572 575 634 641 feci
655 576 809 642 continuo
829 598 937 642 omues
956 576 1133 660 participes
1151 599 1200 643 mer

111 677 258 760 luptatis.
293 678 428 742 Interim
446 678 487 743 ad
505 698 556 741 me
574 680 661 741 veuit
671 677 837 742 Munatius
855 683 974 758 noster,
993 683 1034 742 ut
1051 696 1200 744 consuerat

114 799 173 861 ego
193 779 221 843 ei
240 778 367 843 litteras
385 784 476 857 tuas;
497 778 661 843 nihildum
680 781 765 842 enim
782 779 921 859 sciebat3
943 800 1020 844 nam
1042 780 1086 845 ad
1108 801 1157 845 me
1175 802 1200 863 pr

112 878 304 958 Varisidius,
326 880 424 961 idque
446 880 509 944 sibi
532 885 606 943 ate
629 879 821 944 mandatum
842 901 911 945 esse
940 880 1079 946 dicebat.
1124 881 1200 945 Paul

112 980 196 1044 idem
215 979 471 1044 mihiMunatius
488 1001 542 1045 eas
560 980 688 1044 litteras
705 980 860 1062 legendas
878 981 976 1062 dedit,
995 1003 1079 1065 quas
1097 982 1158 1064 ipsi
1173 1003 1200 1045 m

70 1091 87 1141 3
114 1086 147 1146 et
165 1102 228 1156 eas,
247 1101 327 1164 quas
345 1081 480 1163 publice.
515 1080 644 1147 Placuit
661 1081 764 1160 nobis,
783 1083 951 1147 utstatim
970 1082 1012 1148 ad
1029 1083 1200 1148 Cornutum

111 1187 215 1247 torem
237 1181 399 1246 urbanum
420 1181 548 1245 litteras
571 1182 777 1261 deferremuS,
800 1184 865 1265 qui,
890 1181 979 1265 quod
1001 1183 1147 1247 consules
1170 1183 1200 1247 al

112 1284 283 1347 consulare
305 1302 423 1345 munus
440 1282 622 1347 sustinebat
643 1303 732 1347 more
751 1284 924 1347 maiorum:
947 1289 1081 1348 senatus
1100 1289 1200 1348 estro:

112 1388 308 1449 convocatus
329 1382 545 1464 frequensque
563 1383 712 1447 convenit
734 1390 867 1465 propter
888 1383 1010 1447 famam
1032 1388 1134 1465 atque
1155 1404 1200 1447 exs

112 1486 235 1549 tionem
256 1487 389 1546 tuarum
411 1482 605 1547 litterarum.
647 1483 806 1550 Recitatis
832 1483 952 1548 litteris
975 1483 1090 1548 oblata
1108 1483 1200 1566 religi<

111 1590 192 1649 nuto
217 1588 265 1647 est
286 1582 500 1665 pullariorum
522 1584 700 1664 admonitu,
731 1605 795 1649 non
817 1585 897 1648 satis
919 1583 1097 1666 diligenter
1118 1606 1186 1649 eum

112 1685 169 1748 ciis
193 1703 323 1767 operam
345 1683 478 1763 dedisse,
510 1685 609 1767 idque
636 1693 791 1750 anostra
818 1684 955 1768 collegio
978 1686 1200 1768 comprobatur

112 1786 225 1867 itaque
257 1806 307 1848 res
333 1785 436 1850 dilata
466 1792 515 1850 est
545 1788 579 1849 in
601 1792 774 1869 posterum.
819 1786 866 1852 Eo
889 1793 1000 1851 autem
1024 1786 1076 1850 die
1099 1806 1200 1867 magns

112 1906 172 1975 pro
195 1891 254 1950 tua
275 1886 435 1967 dignitate
457 1888 623 1952 contentio
646 1909 718 1952 cum
741 1888 894 1967 Servili03
925 1889 981 1971 qui
1013 1909 1087 1951 cum
1115 1886 1200 1969 grati

112 1984 217 2064 cisset,
239 1990 277 2048 ut
298 2007 357 2050 sua
378 1987 538 2050 sententia
560 1987 664 2069 prima
685 1988 962 2069 pronuntiaretur,
992 1989 1144 2071 frequens
1173 2008 1200 2052 eu

145 2297 169 2348 2.
192 2298 230 2348 M.
254 2294 407 2359 Varisidius}
426 2293 580 2347 rdmischer
598 2292 694 2346 Ritter
734 2295 787 2346 mit
802 2294 865 2348 dem
884 2295 948 2346 Aac.
967 2310 989 2346 c.
1007 2292 1061 2345 lnf.
1080 2292 1148 2361 (vgl.
1166 2308 1194 2342 zu

113 2377 170 2431 und
182 2377 306 2430 Plancus’
317 2376 481 2430 Vertrauter
496 2377 571 2446 (fam.
581 2377 615 2444 X,
624 2380 648 2443 7,
659 2376 693 2444 1).
737 2381 773 2441 ll:
791 2376 892 2430 ebenso
904 2376 1017 2429 Asinius
1037 2376 1123 2429 Pollio
1140 2376 1199 2428 lam.

113 2490 145 2500 -
163 2464 298 2513 Munatius
314 2459 407 2528 auster]
426 2461 457 2514 T.
474 2460 628 2527 Munatius,
643 2460 694 2514 wic
735 2464 767 2514 4:
785 2480 843 2514 cam
860 2463 897 2513 ad
914 2479 939 2514 se
957 2459 1101 2528 (turpionem)
1178 2459 1200 2508 in

113 2560 143 2596 er
161 2549 248 2597 unten
267 2544 281 2610 ξ
299 2546 314 2597 5
332 2550 459 2612 genennt
476 2545 555 2611 wird,
573 2543 695 2597 einVer·
736 2549 880 2598 arcessisset
903 2547 1032 2597 Amoaiau
1057 2547 1107 2596 tae
1128 2543 1200 2610 pallia

113 2628 241 2681 wandter
258 2628 306 2681 des
324 2628 450 2683 Plancus.
468 2657 501 2666 -
518 2626 693 2695 litterariam]
735 2647 783 2696 qao
801 2629 1099 2691 diciaaaatraoeaisret,
1116 2627 1200 2679 denari

112 2713 172 2764 dedi
189 2711 268 2764 oder:
287 2714 402 2765 ostendi:
421 2731 453 2765 zu
472 2730 514 2780 ep.
525 2715 566 2780 96,
577 2715 600 2766 6,
624 2712 694 2765 Boot
733 2731 809 2780 perros
834 2714 941 2779 siapuclia
968 2713 1088 2764 militibus
1114 2713 1200 2762 dutwu

113 2795 169 2846 will
187 2795 278 2848 lesen:
305 2806 456 2848 coercerat.-
482 2799 538 2864 lopo
556 2800 579 2849 ei
596 2798 694 2849 litteras
735 2812 810 2849 ceros
829 2793 1200 2863 soustigenSprachgebrsur

112 2889 178 2931 tuas.
197 2908 229 2915 -
242 2877 355 2946 publice]
373 2880 442 2933 eben
461 2897 504 2947 ep.
524 2883 579 2933 143.
738 2881 777 2944 13,
795 2882 826 2931 3:
853 2882 882 2930 ia
899 2897 929 2931 ea
946 2880 1074 2945 opinione,
1096 2888 1124 2930 ut
1138 2886 1200 2945 pata

145 2966 170 3016 3.
187 2965 309 3030 auspiciis
326 2982 430 3030 operam
448 2963 553 3033 dedisse]
573 2982 627 3017 wer
640 2964 694 3016 den
736 2983 753 3014 c
770 2974 854 3015 aestro
881 2962 990 3029 callepio]
1021 2961 1084 3014 dem
1120 2964 1197 3027 Augu

112 3045 198 3099 Seuat
224 3046 320 3113 berief,
348 3052 453 3100 musste
485 3064 569 3101 zuvor
595 3047 694 3115 opfern
736 3047 822 3114 giam,
840 3045 903 3099 dem
916 3045 1009 3099 Cicero
1028 3044 1200 3113 angehdrtel

113 3130 171 3183 und
190 3130 235 3183 die
254 3131 405 3197 Auspicieu
428 3131 568 3199 beiragen.
588 3159 618 3166 —
633 3133 695 3198 pal·
736 3129 898 3197 51,13).-
924 3147 982 3180 cam
998 3126 1120 3194 Seruilio]
1143 3125 1200 3179 P.S

113 3215 242 3264 lariorum
261 3212 403 3282 admonita]
430 3215 479 3268 der
493 3216 628 3282 pullarius
657 3214 695 3265 ist
737 3213 827 3277 Vatia,
846 3213 895 3265 der
913 3230 967 3266 von
985 3213 1092 3265 seluern
1105 3211 1200 3264 Veteri

113 3297 219 3349 damals
246 3297 405 3361 iiberhaupt
428 3298 543 3352 Gehiilfe
569 3297 612 3350 bei
640 3297 694 3350 den
737 3299 815 3351 starb
832 3300 865 3349 44
891 3297 921 3349 in
948 3296 1049 3349 hohern
1073 3296 1164 3360 Alter)
1189 3295 1200 3346 d

113 3380 279 3447 Auspicieu:
300 3398 395 3446 „wenc
413 3382 470 3434 also
488 3382 533 3434 ein
547 3380 694 3450 Stadtpr'a·
737 3399 839 3434 namen
849 3383 983 3433 Isauricus
1000 3379 1200 3433 iiberlrommeu

113 3468 159 3516 tor
184 3481 234 3517 vor
251 3464 418 3534 Abhaltung
443 3466 521 3519 einer
547 3463 695 3518 Senatssit·
737 3465 821 3518 sebon
839 3481 882 3530 ep.
901 3465 942 3528 23,
959 3466 975 3515 2
993 3463 1142 3516 erwiihnt:
1167 3479 1195 3514 er

113 3564 187 3615 zung
204 3546 257 3599 mit
267 3546 348 3600 Hiilfe
359 3548 409 3600 der
413 3551 528 3616 pullarii
541 3549 584 3601 die
594 3547 695 3615 Auspi·
736 3549 790 3601 mit
807 3548 891 3601 Odsar
909 3547 1023 3600 Konsul.
1065 3547 1147 3600 Auch
1174 3546 1200 3597 br

113 3631 175 3684 cien
192 3630 312 3697 belragt‚
342 3648 371 3684 so
394 3632 464 3700 iolgt
482 3632 583 3685 dareus
602 3632 694 3685 nichts
736 3633 852 3701 gonheit
870 3632 919 3684 der
937 3631 1190 3699 Auszeichuungen

113 3715 158 3767 fiir
176 3714 261 3767 deren
272 3713 507 3769 Beschaffenheit“
527 3715 571 3782 (zu
583 3732 625 3781 ep.
638 3718 695 3781 103,
737 3716 796 3769 vius
807 3715 945 3783 Sulpicius
964 3715 1051 3768 heisst
1070 3732 1101 3768 es
1112 3732 1165 3769 von
1183 3714 1200 3767 il

113 3799 150 3864 7):
164 3798 320 3851 Mommsen
330 3798 409 3850 Rdm.
419 3798 535 3853 Staatsr.
545 3800 566 3864 1,
578 3802 617 3867 10,
627 3802 659 3851 A.
669 3802 694 3852 2.
734 3799 783 3866 IX,
803 3803 843 3854 14:
861 3804 1007 3869 repuleram
1022 3802 1125 3866 prrblioe
1134 3801 1200 3852 decer

113 3881 167 3934 Cic.
186 3880 220 3935 de
238 3882 292 3936 div.
311 3882 346 3947 ΙΙ,
363 3885 411 3935 74;
438 3884 492 3933 iam
509 3885 540 3936 de
557 3886 626 3936 caelo
643 3903 693 3936 ser·
735 3885 792 3939 Ser.
811 3886 927 3953 Srdpicio
944 3886 1049 3949 arauris,
1067 3894 1200 3935 statuam

112 3984 175 4018 aare
192 3985 245 4018 aaa
262 3969 328 4034 ipsos
345 3984 429 4019 causes
441 3969 530 4031 solitos,
548 3970 592 4035 qra'
606 3970 694 4035 auspi·
736 3971 795 4022 suit.
821 3968 882 4022 Wie
900 3968 1032 4022 Servilius
1051 3967 1164 4020 scheint
1181 3983 1200 4018 a

114 4051 257 4102 radantur?
274 4069 344 4102 acac
361 4051 633 4117 imperantpullario:
651 4054 694 4104 ille
736 4057 830 4117 natue,
859 4053 908 4106 der
923 4052 993 4119 jetzt
1019 4052 1057 4103 im
1079 4050 1200 4105 Senstd

113 4134 245 4184 recursitat
256 4135 365 4201 fulmen
383 4135 522 4200 aratrum,
550 4137 694 4201 auspicium
737 4136 789 4188 sitz
807 4154 840 4188 zu
857 4136 958 4189 iiihren
976 4134 1066 4198 hatte,
1095 4152 1186 4205 gegen

114 4217 246 4282 optimam,
271 4219 338 4284 quod
354 4219 475 4271 labemur
492 4221 529 4271 ad
545 4236 630 4271 amaea
647 4238 695 4284 rer,
737 4220 782 4272 ein
799 4219 887 4273 durch
913 4218 958 4273 die
975 4217 1121 4285 Folgozeit
1147 4235 1200 4271 nur

110 4308 294 4366 praeterquam
321 4303 358 4353 ad
383 4305 493 4355 comitio.
511 4333 541 4342 -
560 4304 694 4355 odmundo
736 4303 946 4373 rechtfertigtes
964 4302 1139 4358 Misstrauen
1165 4318 1198 4371 ge

172 4400 231 4435 eum
306 4384 412 4454 dedisse]
431 4403 495 4440 man
516 4386 628 4441 becchte
649 4386 693 4440 die
735 4387 835 4441 haben.
855 4417 884 4426 -
902 4390 948 4456 qui
965 4406 1023 4440 cum
1104 4386 1200 4456 mali

112 4466 320 4521 Konstruktion
346 4467 394 4521 des
416 4468 692 4524 Verbalsubstautivs
736 4470 856 4525 Rektiou
885 4472 932 4525 des
951 4470 1081 4527 Relativs
1108 4492 1141 4528 aa
1161 4490 1200 4542 ep,
