2602 4890
73 185 139 248 '392
497 182 542 237 sn
558 183 624 237 fon.
641 182 688 251 1v,
707 186 746 237 ια.
764 182 796 250 v,
813 184 853 237 14.
1085 182 1182 253 [nuru

75 348 163 433 quod
185 348 367 433 proximum
389 349 462 428 fuit,
485 350 535 413 nti
556 349 590 413 in
611 368 677 433 quo
699 349 853 416 vellemus
884 350 1057 435 gymnasio
1089 370 1182 415 eumr

75 449 220 529 litemus,
240 448 335 514 nohis
356 449 582 533 permiserunt.
632 449 699 517 Noe
727 452 762 516 in
783 450 987 517 nobilissimo
1017 450 1093 517 orbi
1121 456 1182 517 terr:

75 551 242 634 gymnasio
264 548 456 614 Academiae
477 550 584 615 locum
606 551 783 634 delegimus
808 551 921 635 ibique
941 572 1017 617 enm
1048 551 1182 616 oombuu

76 655 254 732 posteaque
274 649 468 729 curavimus,
490 655 529 714 ut
549 650 633 715 idem
656 651 868 717 Athenienses
887 652 922 715 in
944 651 1057 717 eodem
1078 652 1182 718 locon

74 755 221 814 mentum
241 753 271 815 ei
292 770 508 815 marmoreum
530 750 714 816 faciendum
735 752 890 820 locarent

159 849 222 928 lte,
245 868 329 933 ques
350 856 463 917 nostra
484 851 593 916 officie
616 852 751 917 fuerunt
772 874 832 936 pro
854 852 992 935 collegio
1014 856 1049 916 et
1070 872 1182 936 propr

76 952 210 1034 quitate‚
233 956 266 1016 et
287 950 357 1016 vivo
381 960 414 1015 et
435 958 564 1018 mortuo
587 955 697 1018 omnia
719 954 749 1018 ei
770 953 1001 1037 praestitimus.
1046 952 1136 1019 Vale.
1172 952 1182 1015 l

74 1050 148 1119 Kal.
171 1053 239 1118 Iun.
259 1050 403 1118 Athenis.

461 1201 571 1268 CXVI.
593 1202 648 1287 (ed
669 1202 746 1268 fem.
768 1201 806 1283 V,
832 1204 892 1286 14.)

337 1350 394 1407 Sor.
412 1351 518 1407 Rornae
535 1369 631 1409 mense
647 1352 728 1408 Iunio
745 1355 779 1407 A.
796 1352 831 1408 U.
848 1355 876 1408 O.
893 1355 943 1408 709
960 1352 1025 1421 (45).

241 1484 276 1549 L.
305 1484 517 1553 LUOOEIUS
543 1486 578 1564 Q.
598 1486 633 1553 F.
654 1486 684 1552 S.
706 1485 744 1552 D.
766 1487 809 1553 M.
835 1485 995 1553 TULLIO
1022 1486 1064 1551 Μ.
1083 1486 1117 1553 F.

33 1621 47 1670 1
159 1603 188 1667 S.
220 1623 247 1666 v.
279 1604 309 1670 b.
335 1625 360 1669 e.
381 1625 420 1684 n,
450 1604 535 1670 sicut
564 1604 662 1684 soleo,
693 1604 827 1688 paululo
857 1610 967 1670 temen
997 1605 1099 1670 etiam
1130 1604 1181 1668 det

76 1724 174 1788 quam
196 1703 290 1769 soleo.
313 1704 357 1768 Te
374 1704 528 1789 requisivi
545 1705 683 1788 saepius,
702 1710 740 1770 ut
757 1705 911 1770 viderem:
931 1705 1053 1771 Romae
1071 1706 1149 1789 quia
1165 1726 1182 1787 p

74 1825 140 1869 non
171 1804 271 1884 fuisti,
302 1824 400 1886 quem
433 1804 651 1883 discesseram,
681 1807 819 1870 miratus
849 1823 939 1884 snm;
970 1806 1057 1888 quod
1088 1806 1164 1871 item

71 1906 182 1971 miror.
227 1904 299 1970 Non
322 1905 428 1970 habeo
451 1911 586 1985 certum,
613 1925 697 1988 quae
718 1911 822 1970 teres
844 1905 919 1970 hinc
949 1905 1091 1970 mexime
1112 1910 1182 1970 retr:

74 2009 103 2073 si
132 2007 306 2074 solitudine
336 2004 512 2085 delectare,
560 2025 633 2071 cum
663 2006 786 2072 scribes
815 2011 847 2071 et
886 2005 1010 2089 aliquid
1045 2026 1125 2090 ages
1153 2026 1182 2070 ec

74 2244 139 2298 Sata
159 2246 268 2313 negiert
287 2245 317 2296 in
340 2243 516 2297 houzessiver
532 2241 659 2310 Fassnng
702 2241 786 2296 Welt.
820 2241 871 2296 Die
897 2242 1094 2297 Lolrstivform
1119 2245 1172 2294 orbi

73 2346 108 2380 zu
126 2329 264 2395 ergiinaen
280 2327 333 2381 wie
349 2326 419 2380 (lato
436 2343 473 2381 m.
496 2328 544 2379 16:
571 2335 659 2376 uotum
701 2327 760 2377 orbe
778 2326 816 2378 ist
834 2324 886 2379 wie
902 2328 970 2392 ruri,
987 2328 1066 2394 domi,
1084 2328 1182 2392 uesperi.

75 2413 143 2463 enirn
169 2412 239 2461 cobis
265 2428 369 2462 carmen
392 2419 446 2462 eet:
472 2418 600 2461 ettamen
625 2409 660 2473 (si
701 2411 815 2474 tempori,
835 2410 949 2477 temperi,
975 2412 1083 2475 pereyo-i
1109 2428 1134 2463 u.
1156 2427 1179 2463 a.

74 2512 129 2546 eon
154 2504 218 2546 esset
241 2494 343 2560 norum)
369 2497 451 2559 ipsius
472 2494 552 2559 Appii
578 2501 660 2544 cester
701 2493 767 2546 det:
786 2491 1040 2546 Schweizer-Sidler
1059 2492 1123 2547 Lat.
1140 2493 1182 2547 Gr.

75 2580 167 2631 oratio.
201 2578 269 2632 Hier
295 2579 368 2632 also:
403 2577 474 2632 auch
501 2594 581 2631 wenn
609 2576 660 2630 der
701 2580 751 2642 Δ.;
768 2576 797 2629 in
816 2574 893 2628 Verr.
919 2575 965 2641 IV,
987 2578 1038 2629 82:
1065 2579 1138 2628 euius
1162 2594 1182 2625 or

75 2662 259 2717 ereteGrund
278 2662 413 2729 (reliqione
430 2679 456 2713 ce
472 2660 657 2726 impedirtlfuir
698 2679 767 2711 mum
800 2661 857 2711 orbi
900 2668 1031 2710 terrarum
1067 2661 1182 2712 clarissim

75 2766 126 2801 uns
145 2748 223 2800 nicht
242 2747 366 2799 bindend
385 2749 466 2812 wilre,
484 2763 514 2799 so
532 2749 657 2798 miissten
697 2752 890 2795 monumentum
899 2752 985 2795 αα-
992 2744 1180 2809 faciendumlo

74 2833 126 2884 wir
145 2850 196 2885 uns
215 2831 266 2885 der
283 2831 441 2883 Thetsache
467 2829 566 2898 iligen,
593 2829 657 2882 dass
699 2826 1180 2897 alsAngehilrigedesriimischenR

74 2915 139 2968 luein
166 2913 372 2967 Priizedenzfell
398 2913 533 2980 vorliegt:
568 2912 659 2965 dieser
701 2939 730 2951 -
747 2929 796 2976 pro
813 2908 930 2979 eolleqio]
958 2927 1041 2963 unser
1061 2911 1182 2964 Verhiiltr

74 2999 177 3051 Zusatz
187 2999 224 3050 ist
234 2996 421 3051 ltezeichnend
430 2996 474 3048 fiir
484 2996 535 3048 den
543 2995 658 3048 Rechts·
699 2994 834 3062 Kollegen
852 2994 891 3046 im
909 2993 1047 3046 Konsulat
1059 2995 1106 3058 51;
1123 2996 1180 3048 Lis.

74 3082 253 3149 standpunkt
276 3080 324 3133 des
343 3080 469 3143 Riimcrs,
493 3080 584 3132 zumel
611 3079 659 3132 des
702 3081 799 3145 Bsagt
816 3077 928 3142 Fabius,
953 3077 1004 3130 der
1022 3076 1125 3131 Decius
1143 3096 1182 3131 zur

74 3166 92 3219 J
95 3167 203 3219 uristeu
214 3164 333 3228 Servius,
342 3164 405 3215 dem
416 3163 465 3216 der
473 3180 525 3214 mos
533 3165 661 3214 maiorum
702 3163 784 3229 legen
794 3162 934 3215 wiinscht:
949 3179 1062 3212 cercuro
1071 3164 1182 3228 drwtrnq

75 3250 163 3316 heilig
183 3266 247 3300 war.
275 3248 337 3316 Vgl.
356 3247 454 3315 partit.
465 3250 579 3300 or.130:
596 3247 660 3298 Pro·
701 3245 826 3297 sularibus
843 3247 920 3297 simul
936 3248 1182 3311 qestieexpertumn

71 3335 133 3397 prin
152 3333 214 3397 leqis
224 3340 249 3381 et
261 3349 301 3396 ec,
317 3348 384 3396 quae
396 3332 570 3397 scriptarum,
587 3339 659 3394 elec,
703 3329 824 3378 concordi
841 3330 946 3395 colleyio
958 3332 1066 3396 firmius
1084 3331 1182 3381 adrem

74 3416 213 3481 quaeriue
231 3414 325 3465 litteris
343 3422 389 3463 aut
405 3414 521 3480 qenlium
537 3415 595 3463 iure
607 3430 660 3462 asc·
703 3428 758 3461 cam
777 3412 900 3462 tacendam
918 3430 978 3466 esee.

73 3501 158 3549 iorum
175 3514 243 3547 rurore
260 3498 421 3549 retinentur.
434 3537 456 3550 ..
482 3498 555 3559 Quae
572 3505 658 3547 eutem
731 3494 825 3549 CXVI.
860 3483 936 3550 [lber
963 3497 993 3550 L.
1013 3497 1148 3564 Luccejus
1173 3516 1182 3549 s

74 3583 171 3647 scripta
187 3598 241 3630 non
257 3590 325 3646 eant,
351 3597 382 3630 eo
407 3590 454 3629 ant
474 3581 657 3631 conmetcrline
699 3598 733 3633 zu
758 3596 802 3647 ep.
830 3582 871 3633 24.
906 3579 985 3634 Auch
1012 3580 1107 3635 dieser
1132 3582 1182 3634 Bri«

73 3675 122 3717 eut
139 3666 269 3716 coercentis
278 3665 408 3714 hominum
418 3666 525 3729 etquasi
534 3681 658 3716 consensu
699 3664 816 3717 manche
851 3663 1014 3718 stilistirohe
1063 3665 1182 3734 eligente

74 3752 230 3802 obtinentur.
256 3751 340 3813 Atque
358 3748 435 3797 etiam
452 3748 498 3797 hoc
515 3748 658 3812 inprimis,
699 3747 803 3801 keiten.

73 3846 103 3885 ut
118 3843 219 3887 nostroe
236 3848 318 3882 osores
327 3832 443 3897 leyenque
453 3840 580 3895 tueamur,
598 3849 659 3900 quo·
735 3835 758 3884 1.
776 3830 804 3884 S.
821 3829 898 3894 c...]
915 3833 938 3882 ei
954 3832 1034 3898 cales,
1052 3833 1117 3883 berse
1135 3833 1181 3900 (od

73 3919 135 3969 dam
151 3917 225 3967 modo
253 3917 372 3965 nctrerali
398 3917 454 3967 iure
469 3917 658 3980 praescriptum
700 3916 764 3980 esl):
791 3930 836 3981 eqo
860 3915 949 3966 valeo:
968 3913 1027 3968 Alc.
1048 3918 1086 3969 54
1104 3919 1182 3968 Anm.

73 4011 117 4053 eet.
134 4029 168 4037 —
182 4000 399 4064 inqaooellemus
406 3997 552 4066 qymncsio]
563 3999 657 4052 Athen
699 4000 820 4063 quia
838 3996 1030 4065 miratoriam]
1057 4001 1123 4067 quia
1149 4000 1180 4051 in

74 4085 154 4137 hatte
189 4083 263 4137 drei:
297 4086 431 4149 Λύκειον,
473 4084 655 4151 Κυνόσαργες,
700 4080 882 4150 Verbindung
908 4081 961 4135 wie
987 4087 1079 4135 unten
1107 4082 1122 4147 fi
1148 4085 1181 4135 2:

74 4168 238 4234 Ἀκαδημία.
255 4195 289 4203 -
306 4164 470 4234 nobilissimo]
490 4183 555 4219 man
567 4165 657 4219 denke
699 4166 762 4231 quia
787 4168 861 4219 stett
889 4166 959 4232 quod
985 4165 1023 4217 ist
1051 4166 1103 4219 der
1129 4166 1182 4219 farn

74 4266 129 4304 nur
142 4267 178 4303 en
188 4250 278 4303 Plato:
297 4250 384 4317 ἐτάφη
398 4250 426 4305 ἐν
438 4254 469 4318 τῇ
489 4249 654 4321 Ἀκαδημίᾳ,
699 4247 820 4316 Sprache
838 4249 935 4317 eigen3
954 4249 999 4302 hei
1017 4248 1137 4303 Plautus
1166 4251 1182 4303 ir

75 4336 147 4389 ἔνθα
173 4332 219 4388 τὸν
244 4337 372 4389 πλεῖστον
401 4335 500 4403 χρόνον
527 4336 656 4388 διετέλεσε
699 4332 801 4400 Regel:
819 4331 887 4385 Brix
904 4350 937 4385 au
956 4332 1033 4385 Trin.
1048 4334 1115 4401 2903
1132 4333 1182 4387 Lon

76 4421 236 4486 φιλοσοφῶν
244 4416 324 4483 Diog.
344 4417 373 4469 h.
384 4417 593 4482 111‚41.-0rti'
609 4425 659 4466 ter·
702 4415 762 4469 Mil.
781 4418 854 4469 1322.
880 4444 915 4453 -
935 4416 1077 4487 delectare]
1097 4418 1182 4473 wien

70 4501 175 4571 mum]
199 4500 252 4556 anf
265 4499 315 4555 der
331 4516 440 4571 genuen
458 4499 541 4565 Erde,
562 4498 593 4552 in
609 4498 659 4553 der
701 4498 743 4567 §2
761 4499 1000 4566 anqereAEormen,
1018 4501 1065 4557 die
1082 4506 1182 4557 sensti
