2602 4890
182 184 244 247 268
490 183 535 237 ss
551 183 617 237 fam.
634 182 707 251 xvr,
724 185 765 239 ιι.
798 184 844 239 ιι
861 185 922 239 ιιι
940 184 1011 255 v111,
1030 189 1073 250 11,
1090 187 1125 242 s.
1214 184 1295 258 [apt

139 359 157 413 o
266 347 336 430 Ego
359 347 466 413 adhuc
487 368 564 414 orae
583 349 767 417 maritimae
788 370 938 433 praesum
958 371 979 416 a
1000 350 1156 417 Formiis:
1178 351 1295 417 nullum

181 450 232 514 ius
251 448 418 530 negotium
439 448 599 531 suscipere
620 449 718 530 volui,
740 470 806 533 quo
828 449 901 533 plus
926 449 1015 533 apud
1039 450 1133 516 illum
1154 470 1246 517 mese
1262 452 1295 517 lit

182 548 486 632 cohortationesque
507 549 550 614 ad
570 570 680 632 pacem
698 549 863 628 valerent3
894 549 943 613 sin
971 554 1080 615 autem
1106 552 1170 616 erit
1196 551 1295 617 bellun

182 647 243 714 deo
273 669 325 714 me
355 651 469 714 castris
501 655 533 715 et
563 651 659 715 certis
679 649 859 732 legionibus
881 649 1116 734 praefuturum.
1160 651 1295 718 Habeo<

180 748 271 815 illam
288 748 477 828 molestiam,
497 750 584 833 quod
603 749 774 815 Dolabella
789 756 900 816 noster
916 751 1004 835 apud
1022 750 1193 818 Gaesarem
1212 758 1268 819 est.

182 848 244 913 tibi
272 857 354 915 uota
383 871 451 916 esse
480 852 579 930 volui,
610 871 695 934 quae
724 871 801 916 cave
830 872 870 916 ne
896 858 928 917 te
948 853 1140 937 perturbent
1160 859 1196 918 et
1217 855 1295 937 impe

182 950 399 1015 valetudinem
420 958 522 1017 tuam.

139 1060 156 1112 6
263 1050 335 1133 Ego
356 1052 392 1118 A.
415 1050 565 1131 Varroni,
587 1072 685 1135 quem
706 1070 778 1116 cum
797 1052 1056 1117 amantissimum
1071 1053 1136 1118 mei
1153 1054 1295 1136 cognovi,

180 1148 279 1214 etiam
310 1150 404 1216 valde
426 1153 476 1217 tui
497 1152 689 1231 studiosum,
718 1151 960 1234 diligentissime
981 1159 1015 1218 te
1036 1154 1267 1234 commendavi,

179 1251 371 1316 valetudinis
393 1257 470 1317 tuae
501 1252 660 1318 rationem
690 1250 825 1317 haberet
855 1257 888 1316 et
917 1252 1132 1334 navigationis
1162 1258 1197 1318 et
1230 1258 1295 1317 totu

180 1352 357 1434 susciperet
375 1373 413 1417 ac
429 1358 590 1417 tueretur:
609 1373 704 1435 quem
724 1351 1006 1417 omniafaoturum
1015 1351 1155 1429 oonfid03
1173 1354 1295 1436 recepit

180 1459 214 1516 et
234 1473 358 1517 mecum
380 1453 506 1517 locutus
529 1459 578 1516 est
598 1452 792 1517 suavissime.
835 1452 894 1532 Tu,
921 1452 1076 1536 quoniam
1097 1473 1135 1518 eo
1157 1458 1295 1536 tempor(

181 1573 254 1616 cum
284 1573 352 1617 esse
381 1573 447 1617 non
476 1553 623 1636 potuisti,
654 1574 719 1637 quo
750 1574 812 1636 ego
833 1555 972 1618 maxime
993 1573 1125 1638 operam
1147 1559 1181 1619 et
1202 1555 1295 1619 fidelit

181 1653 359 1719 desideravi
384 1661 485 1733 tuam,
518 1674 595 1719 cave
616 1654 749 1719 festines
771 1661 829 1721 aut
850 1654 1043 1733 committas,
1073 1661 1113 1720 nt
1134 1660 1194 1721 aut
1219 1675 1295 1736 aege

180 1754 284 1819 hieme
301 1755 448 1836 naviges:
475 1775 651 1838 numquam
677 1776 748 1821 sero
770 1761 803 1820 te
824 1757 946 1820 venisse
967 1755 1100 1839 putabo,
1122 1757 1149 1821 si
1172 1756 1281 1821 salvus

180 1856 234 1919 ris.
284 1854 398 1919 Adhuc
427 1855 584 1919 neminem
614 1855 766 1935 videram,
798 1856 855 1939 qui
885 1862 918 1921 te
943 1861 1057 1940 postea
1077 1855 1209 1921 vidisset
1232 1875 1295 1938 qua

181 1955 341 2036 Volusius,
369 1976 474 2039 aquo
495 1961 569 2020 tuas
591 1955 720 2021 litteras
740 1957 866 2040 accepi3
897 1957 985 2040 quod
1007 1978 1071 2022 nou
1092 1957 1256 2022 mirabar:
1287 1977 1295 2018 1

181 2057 266 2120 enim
288 2077 375 2121 meas
396 2062 477 2140 puto
499 2055 540 2120 ad
561 2061 595 2121 te
615 2054 744 2122 litteras
765 2062 861 2122 tanta
877 2057 981 2122 hieme
998 2058 1141 2140 perferri
1176 2055 1239 2121 Sed
1256 2055 1295 2120 ds

181 2177 262 2236 ram,
292 2163 330 2221 ut
359 2158 468 2222 valeas
497 2162 539 2236 et,
572 2157 600 2222 si
623 2157 753 2237 valebis,
783 2179 856 2223 cum
883 2163 969 2224 recte
990 2158 1138 2241 navigari
1159 2158 1289 2242 poterit,

181 2257 320 2340 naviges.
363 2257 472 2324 Cicero
493 2278 584 2323 meus
604 2258 638 2321 iu
659 2256 832 2324 Formiano
854 2264 935 2338 erat,
970 2257 1122 2323 Terentia
1143 2265 1177 2323 et
1198 2256 1295 2322 Tullia

182 2379 261 2425 mae.
305 2358 399 2439 Cura,
422 2367 460 2425 ut
481 2360 597 2428 valeas.
639 2387 672 2427 ιι
692 2360 857 2426 Kalendas
877 2360 1031 2426 Februar.
1053 2358 1176 2443 Capua.

532 2557 628 2627 axv,
650 2561 704 2644 (aa
725 2561 801 2626 fam.
824 2560 909 2642 ιιιι,
935 2562 973 2625 11
995 2560 1045 2646 A.)

366 2744 423 2799 Sor.
441 2744 572 2800 Luceriae
589 2764 614 2800 a.
631 2746 657 2800 d.
675 2744 714 2800 IV
731 2746 796 2801 Idus
814 2746 981 2801 Februarias
1000 2748 1032 2799 Δ.
1051 2745 1084 2800 U.
1101 2745 1130 2799 C.
1147 2747 1208 2799 705.

286 2892 349 2960 ΟΝ.
371 2894 587 2962 POMPEIUS
610 2895 779 2962 PROOOS.
800 2895 831 2964 S.
852 2895 889 2960 D.
910 2895 954 2962 M.
975 2892 1179 2960 CICERONI
1200 2892 1284 2959 lMP.

266 3042 301 3120 Q.
332 3044 451 3111 Fabius
480 3046 522 3111 ad
553 3067 603 3112 me
633 3048 719 3112 venit
749 3069 777 3113 a
807 3047 837 3113 d.
862 3075 893 3115 ιι
916 3045 993 3111 Idus
1015 3045 1108 3112 Febr.
1150 3044 1183 3110 Is
1205 3043 1295 3109 nunti

183 3246 355 3314 grossmiitig
382 3263 485 3315 geuug‚
520 3247 582 3301 dem
600 3233 767 3300 Uberliuler
809 3246 874 3299 halb
884 3245 1056 3314 campanieu
1068 3245 1098 3298 in
1109 3245 1242 3299 Latium:
1258 3245 1295 3298 eit

184 3329 254 3382 Geld
290 3331 347 3383 und
373 3330 485 3398 Gepiicls
519 3330 764 3384 naobzusobicken.
806 3328 1295 3396 mandoinCspualehnteerausdri

183 3413 279 3467 Lucan
297 3415 420 3469 Pharsal.
438 3414 467 3481 V,
485 3416 534 3468 ata
552 3414 580 3467 ff.
598 3416 667 3467 ltisst
681 3414 765 3466 cesar
807 3414 862 3467 ab:
879 3432 913 3466 zu
930 3429 973 3480 ep.
982 3414 1024 3478 67,
1032 3415 1057 3467 4.
1075 3412 1292 3466 Aucbdadurch

183 3499 314 3553 vonihm
333 3515 432 3567 eugen:
451 3500 538 3551 Fortis
555 3501 587 3550 'iu
603 3498 765 3550 ormisdae
808 3512 839 3549 er
864 3495 923 3548 sich
941 3495 1039 3548 casas
1061 3494 1155 3548 Gunst
1182 3495 1295 3549 erhalte*

182 3584 264 3636 acras
282 3584 414 3636 Labienus
442 3592 515 3635 erat:
538 3600 607 3634 aune
625 3583 766 3649 trossafupu
808 3579 930 3647 sogleicb
956 3581 1030 3647 opud
1052 3577 1149 3646 dium).
1172 3608 1206 3618 -
1222 3583 1295 3634 vata

182 3669 240 3720 cilis
257 3685 315 3718 cum
331 3667 396 3719 doce
410 3668 530 3733 praelato
543 3675 626 3719 terrae
640 3676 766 3734 atqneas·
808 3663 890 3732 mom]
920 3664 985 3716 dem
1013 3662 1279 3731 Zusammenbange

182 3769 266 3819 quoru
283 3752 385 3802 lustret.
413 3747 476 3802 Scin
487 3736 628 3802 Ubertritt
645 3748 769 3802 lbrderte
810 3748 892 3802 deim
910 3744 1066 3815 Genssung.

183 3835 229 3888 die
246 3832 334 3886 Sueba
351 3832 399 3885 des
417 3832 565 3900 Pompejus
583 3832 671 3899 nicht,
693 3832 769 3885 denu
843 3833 868 3885 6.
886 3832 919 3885 Α.
945 3828 1065 3897 Varroni]
1083 3826 1119 3884 A,
1136 3830 1287 3885 Terentius

183 3917 238 3969 mit
263 3916 313 3969 der
331 3914 405 3969 Ebre
431 3915 541 3969 subsint
566 3932 597 3969 er
623 3915 693 3969 such
714 3915 769 3969 den
810 3915 855 3970 ein
878 3913 991 3968 Freund
1016 3913 1142 3980 Ciceros,
1168 3915 1277 3970 damula

184 4000 328 4055 sittlichen
355 4001 419 4053 Met
451 4001 579 4055 verloren
608 4017 641 4053 zu
668 4000 768 4053 baben.
811 3997 962 4052 scheinlioh
979 3997 1009 4049 in
1022 3995 1295 4053 esculentoru-

183 4083 261 4138 Nuoh
296 4083 346 4137 der
379 4083 511 4138 Schlaoht
544 4083 590 4136 bei
622 4082 769 4137 Pharsalus
811 4100 845 4135 sn
863 4097 907 4149 ep.
938 4081 977 4147 11,
999 4082 1024 4134 2.
1049 4109 1083 4120 -
1105 4081 1145 4134 ss.
1171 4081 1295 4152 Voluntas]

184 4166 312 4235 kitmpfte
338 4184 369 4221 er
395 4167 424 4221 in
441 4166 542 4220 Airita
568 4182 659 4235 gagen
685 4167 770 4220 θᾶσαι·
811 4164 910 4218 weiter
932 4163 1067 4218 bekannt.
1093 4195 1126 4205 -
1152 4176 1231 4219 nmo
1255 4170 1295 4221 tie

185 4251 242 4305 und
259 4250 304 4304 fiel
322 4252 352 4304 iu
369 4250 418 4305 der
435 4249 567 4304 Soblacbt
592 4249 637 4303 bei
655 4249 769 4304 Munda.
811 4249 865 4302 tief
880 4248 920 4301 im
937 4247 1067 4314 Winter;
1084 4249 1140 4318 vgl.
1167 4254 1255 4305 multa
1275 4270 1295 4304 ss.

217 4337 242 4390 5.
260 4355 279 4388 o
296 4333 418 4404 Formiis]
436 4351 491 4389 von
505 4333 611 4388 seinem
621 4331 770 4402 Landgute
812 4330 843 4397 Q.
860 4330 895 4384 ir.
912 4331 948 4398 ll,
965 4335 990 4399 7,
1002 4333 1035 4399 23
1051 4336 1134 4387 mutto
1150 4352 1232 4389 mona
1248 4336 1295 4389 act

185 4419 231 4472 bei
248 4419 376 4473 Formiae
391 4434 450 4483 aus,
478 4435 520 4472 wo
537 4434 567 4471 er
584 4416 643 4470 sich
661 4416 769 4471 demals
812 4418 836 4469 1.
852 4444 882 4456 -
902 4433 960 4468 oum
1035 4415 1099 4487 uem]
1116 4434 1152 4472 au
1168 4434 1213 4487 sp.
1230 4421 1295 4485 att

181 4503 375 4560 vielautbielt.
389 4500 772 4574 Desselbelsgubersusser·
846 4500 930 4557 LXV.
947 4501 1005 4556 Der
1021 4500 1100 4557 Brist
1115 4502 1251 4575 geluugte
1275 4519 1295 4557 οι
