2602 4890
108 220 169 282 210
598 216 643 270 Ad
660 216 725 271 fam.
741 216 778 283 II,
794 218 818 271 6.

107 383 142 447 in
172 382 335 465 suffragiis
368 380 481 446 studia
501 386 636 465 propter
657 381 759 465 ipsius
786 383 994 448 excellentem
1017 384 1051 447 in
1074 402 1113 451 eo
1134 404 1190 467 gen

109 484 249 567 gratiam
269 483 318 548 rel
341 482 551 566 diligentiam,
574 486 720 548 nostram
738 482 1013 566 suffragationem,
1035 483 1190 551 siminus

108 591 184 665 tem,
204 590 239 649 at
256 583 427 668 probatam
445 588 554 648 tamen
572 589 604 648 et
618 582 738 648 iustam
751 590 784 648 et
796 582 941 649 debitam
955 590 988 650 et
999 590 1190 669 proptereat

67 690 85 742 4
112 687 209 750 etiem
233 684 430 767 gratiosam3
453 684 518 747 dux
539 683 633 748 nobie
654 689 687 749 et
710 688 826 750 auctor
848 705 930 768 opus
951 692 1000 752 est
1022 691 1188 752 eteorum

109 806 192 865 rum,
215 804 297 867 quos
319 784 485 866 proposui,
507 783 695 848 moderator
716 783 849 867 quidam
871 791 904 849 et
921 785 1015 868 quasi
1031 786 1190 869 gubernat

110 889 138 950 si
162 905 200 950 ex
223 885 372 951 omnibus
393 905 475 949 unus
499 885 659 968 optandus
681 890 773 965 esset,
801 904 898 968 quem
920 893 1028 951 tecum
1050 888 1190 953 conferre

110 1007 191 1066 mus,
214 1006 278 1051 non
298 985 500 1052 haberemus.
536 984 798 1064 Quamobrem,
820 988 848 1050 ei
865 1006 915 1051 me
932 1006 1115 1070 memorem,
1139 991 1190 1071 sig

110 1089 138 1153 ei
168 1086 288 1152 bonum
319 1086 424 1151 virum
445 1086 495 1150 rel
515 1106 555 1151 ex
576 1086 638 1151 hoc
658 1085 739 1169 ipso,
772 1085 861 1169 qnod
882 1092 951 1152 tam
972 1086 1179 1154 vehementer

111 1191 185 1255 lone
207 1187 360 1266 laborem,
383 1186 567 1253 existimare
588 1191 691 1270 potes,
714 1186 742 1249 si
763 1185 897 1268 dignum
919 1185 1057 1270 denique
1075 1189 1144 1253 tuis
1162 1189 1190 1254 bl

110 1288 252 1366 indicae,
282 1287 344 1351 hoc
375 1306 395 1351 a
424 1291 457 1350 te
478 1291 565 1369 peto,
595 1289 634 1349 ut
654 1284 827 1351 subvenias
850 1284 926 1351 huic
946 1306 1036 1352 meae
1058 1288 1190 1354 sollicia

111 1388 187 1452 huic
208 1407 298 1452 meae
320 1385 410 1451 laudi
431 1386 491 1463 vel,
513 1391 550 1451 ut
571 1385 678 1450 verius
695 1383 808 1462 dicam,
830 1404 933 1470 prope
949 1386 1050 1453 saluti
1066 1393 1190 1455 tnumr

113 1488 208 1553 dices.
251 1487 300 1553 De
321 1488 392 1572 ipso
413 1486 448 1553 T.
469 1487 575 1552 Annio
598 1492 727 1552 tantum
749 1486 811 1551 tibi
828 1486 993 1570 polliceor,
1016 1496 1048 1554 te
1065 1490 1190 1557 maioris

111 1588 291 1670 gravitatis,
315 1588 514 1652 constantiae
535 1586 841 1673 benevolentiaeque
862 1579 942 1671 erga
963 1596 1006 1669 te,
1028 1591 1058 1654 ei
1079 1591 1190 1676 compl

112 1689 231 1753 minem
253 1688 402 1766 volneris,
426 1687 617 1753 habiturum
640 1708 708 1752 esee
729 1691 907 1768 neminem;
930 1690 1010 1755 mihi
1027 1712 1103 1757 vero
1121 1699 1190 1757 tant

112 1788 206 1867 coris,
225 1794 354 1853 tantum
372 1788 542 1871 dignitatis
559 1786 754 1868 adiunxeris,
775 1794 813 1854 ut
831 1790 968 1856 eundem
985 1798 1018 1856 te
1035 1793 1132 1858 facile
1152 1814 1190 1877 ag

114 1887 213 1953 fuisse
233 1889 268 1953 in
290 1889 385 1954 laude
409 1909 488 1970 mea,
510 1889 568 1972 qui
589 1888 689 1953 luerie
711 1888 744 1952 in
765 1888 880 1956 salute.

71 2009 88 2061 5
200 1989 270 2071 Ego
287 1989 321 2052 ni
338 1995 371 2053 te
389 1988 497 2053 videre
514 1988 637 2067 scirem,
660 2008 732 2053 cum
751 1988 795 2054 ad
811 1994 844 2054 te
862 1989 943 2055 haec
961 1990 1147 2072 scriberem,
1166 2014 1188 2075 q

114 2088 211 2154 officii
242 2090 444 2168 sustinerem,
477 2094 602 2173 quanto
625 2108 722 2171 opere
743 2089 821 2153 mihi
844 2096 927 2156 esset
947 2092 980 2156 in
1003 2092 1065 2157 hac
1086 2093 1190 2177 petiti«

114 2361 247 2431 Degegen
275 2358 435 2426 schemen,
460 2358 513 2412 wIe
530 2357 624 2412 Cicero
641 2356 701 2410 Mil.
742 2356 793 2412 der
818 2355 1055 2429 Senatoeitzunglr
1081 2362 1146 2431 Dic,
1173 2366 1190 2415 l

115 2446 148 2498 95
176 2445 217 2497 ele
243 2442 325 2495 Milon
354 2441 485 2495 Advolat
510 2440 586 2495 dieee
616 2440 701 2494 Thet-
743 2440 801 2494 Mil.
828 2442 891 2494 100:
924 2445 953 2496 Τ.
980 2445 1069 2505 Aac&
1100 2444 1168 2498 fem.

116 2527 217 2582 cochen
234 2525 398 2580 euebeutetl
420 2552 447 2560 -
465 2527 506 2577 oet
528 2526 644 2592 gratiam
660 2525 700 2576 vel
743 2525 791 2594 (nn
825 2525 880 2579 den
914 2527 1014 2580 Consul
1048 2527 1178 2582 Metellus

115 2608 289 2679 diligentiam]
301 2613 390 2678 gratio
401 2608 633 2663 iet‘Beliebtheit'
644 2606 702 2661 und
747 2610 776 2662 Τ.
794 2605 929 2676 Pomponii
933 2628 943 2672 ,·
960 2609 1019 2663 Mil.
1038 2614 1068 2663 1:
1092 2614 1121 2665 Τ.
1138 2615 1190 2663 Aru

116 2698 156 2750 als
175 2696 259 2764 Folge
286 2695 377 2749 deuon
394 2692 544 2759 ‘Einfluee’,
570 2695 702 2760 diligentia
776 2695 801 2747 5.
818 2691 1005 2760 ni...rcirem]
1024 2692 1081 2747 Dae
1106 2694 1136 2747 in
1155 2696 1189 2748 de

116 2781 161 2836 dle
180 2778 446 2844 Aufmerkeumkeit,
463 2777 507 2833 die
521 2777 637 2845 jemand
654 2794 703 2830 en·
744 2775 867 2845 Sprache
877 2795 899 2830 z.
911 2775 941 2829 B.
955 2775 1000 2829 bei
1012 2776 1128 2831 Plautus
1143 2780 1191 2833 seh

117 2867 234 2932 wendet,
251 2882 299 2918 um
317 2863 362 2918 bei
380 2863 428 2917 der
440 2862 614 2931 Bewerbung
632 2861 703 2917 viole
744 2862 847 2912 ni=oi
863 2879 915 2913 non
932 2860 983 2913 hat
1000 2859 1094 2914 Cicero
1122 2865 1176 2929 (ep.

117 2948 253 3003 Stimmen
280 2947 327 3002 liir
353 2947 411 3000 rich
438 2963 471 2999 zu
498 2945 653 3014 gewinnen.
670 2970 703 2981 —-
744 2947 774 2997 ni
790 2943 957 3012 Korrektur)
983 2945 1071 2998 celten
1098 2946 1190 2999 einfac

113 3030 262 3101 probatam]
305 3031 367 3085 eine
400 3028 574 3098 begriindete
608 3028 704 3095 (deren
745 3028 796 3082 wie
814 3027 876 3082 hier
901 3027 959 3081 und
980 3029 1046 3082 lum.
1064 3028 1114 3095 III,
1133 3032 1175 3096 10,

118 3118 232 3172 Griinde
250 3134 315 3170 man
342 3115 420 3169 nicht
438 3113 590 3169 verwerfen
608 3113 704 3183 kann).
745 3114 877 3178 elatorum,
894 3113 923 3164 ni
940 3150 947 3165 .
965 3151 971 3165 .
990 3151 997 3164 .
1014 3130 1131 3179 purgare
1149 3132 1189 3166 mc

152 3198 437 3265 commanerem]
456 3217 489 3252 zu
508 3213 551 3266 ep.
569 3199 611 3264 42,
631 3201 653 3252 l.
671 3226 705 3235 —
745 3198 803 3262 lem,
821 3194 941 3248 eondern
957 3194 1014 3248 feet
1031 3210 1086 3248 nur
1103 3196 1133 3249 in
1147 3196 1190 3250 Be

118 3304 181 3354 quoe
202 3282 338 3352 proporat]
370 3283 414 3336 die
440 3282 510 3337 eben
540 3282 705 3337 erwihnten
746 3278 803 3332 und
821 3276 1106 3346 Sponsionelormeln:
1124 3283 1190 3333 mori

119 3368 223 3432 Mittel,
253 3367 322 3421 iiber
356 3367 401 3421 die
429 3366 497 3420 Milo
532 3367 577 3421 bei
612 3367 705 3421 reiner
745 3358 958 3429 fam.VI1,14,e
977 3361 1178 3429 (dochcersius

120 3450 299 3506 Kandidatur
317 3449 436 3519 verfiigt.
453 3478 486 3487 -
503 3452 596 3503 bocum
606 3447 704 3518 cirum]
747 3447 788 3513 19,
804 3448 836 3499 4:
851 3464 957 3514 peream
974 3448 1025 3498 miei
1044 3444 1104 3513 ...)
1114 3462 1122 3507 ;
1141 3447 1188 3500 Pis

119 3538 162 3589 cic
179 3532 287 3603 Begriff
296 3554 301 3586 :
318 3532 501 3586 Ehrenmenn
518 3534 574 3601 (ep.
595 3535 635 3600 36,
653 3533 705 3600 10).
746 3531 816 3582 done
832 3548 879 3595 me,
895 3531 925 3581 πί
942 3531 1080 3597 anuiliac
1100 3532 1190 3583 introit

120 3618 176 3672 Dee
211 3617 446 3686 vorhergehende'
479 3635 614 3671 rumorem
648 3616 706 3670 und
747 3615 822 3677 sicin
841 3615 934 3668 ferner
951 3614 981 3667 in
999 3613 1129 3668 Formeln
1148 3616 1189 3667 mi

118 3712 223 3771 gratum
240 3701 278 3754 iet
295 3703 352 3755 aleo
369 3699 449 3754 nicht
466 3699 537 3754 auch
555 3701 608 3754 mit
620 3702 706 3754 uirum
749 3697 809 3750 Ate.
829 3696 928 3765 111,24,
948 3700 978 3749 I:
995 3699 1025 3749 nt
1041 3698 1080 3749 ita
1097 3699 1164 3751 votis
1183 3721 1190 3766 ,Α

26 3806 29 3811 ·
121 3804 154 3839 zu
173 3783 336 3850 verbinden,
353 3783 404 3838 hot
421 3784 489 3837 aber
505 3783 566 3837 hier
583 3783 628 3838 die
639 3782 707 3839 Vor-
748 3780 828 3835 Tuec.
854 3779 886 3846 V,
913 3781 978 3835 115:
995 3783 1025 3832 ιιι·
1049 3782 1089 3832 ita
1114 3799 1139 3834 ae
1162 3797 1190 3834 rc

121 3868 281 3937 anatellung
307 3884 360 3922 von
386 3870 465 3920 bonae
481 3867 645 3934 verenlneet,
671 3866 707 3920 dn
749 3864 809 3918 Cet.
828 3864 865 3918 Μ.
879 3866 913 3918 67
923 3886 929 3918 :
941 3867 1011 3933 qaod
1024 3867 1053 3917 πί
1064 3866 1190 3918 damcid

122 3960 200 4006 sonet
214 3951 525 4020 inobigerBedeutung
534 3949 707 4020 gewdbnlich
749 3948 815 4002 fem.
831 3947 908 4015 VIII,
924 3950 965 4014 76,
983 3952 1013 4001 1:
1039 3950 1107 4016 quod
1124 3951 1177 4001 eici

122 4037 260 4089 virtores
280 4039 380 4105 geeagt
407 4035 484 4089 wird.
502 4060 536 4072 -
552 4036 612 4086 huic
637 4051 709 4087 meae
750 4030 861 4087 endlicb
878 4031 980 4085 ebenso
997 4031 1161 4086 formelbalt
1179 4032 1189 4084 i

122 4117 207 4186 laudi]
226 4118 281 4188 vgl.
308 4118 379 4172 oben
397 4119 460 4185 §3³
484 4119 586 4184 pictatia
602 4118 708 4170 laudem
750 4115 828 4185 dung
845 4116 899 4168 mit
915 4117 1015 4169 vereri:
1032 4117 1063 4166 ιη’
1079 4132 1184 4169 vererer

123 4220 255 4271 quaerere.
272 4229 306 4239 -
332 4202 360 4254 Τ.
374 4198 472 4268 Annio]
488 4198 651 4266 leierlicher,
667 4199 709 4253 olt
751 4201 817 4267 6,6;
835 4198 913 4253 Verr.
922 4197 969 4264 IV,
986 4199 1035 4263 553
1050 4197 1105 4251 Pir.
1114 4201 1165 4265 713
1181 4214 1190 4251 <

125 4284 196 4339 auch
218 4283 378 4338 formlicher
405 4283 445 4337 ele
472 4283 521 4337 dae
547 4281 636 4336 blome
661 4281 710 4336 Go-
751 4285 781 4336 ni
796 4293 927 4337 camber
944 4281 1014 4335 Phil.
1031 4278 1110 4349 XIII,
1137 4284 1178 4336 13.

125 4385 247 4438 gnomen
261 4370 372 4431 Milonc,·
390 4384 423 4421 zu
437 4382 480 4435 ep.
492 4367 571 4434 18,3:
593 4368 622 4419 Τ.
636 4368 709 4419 Pom·
751 4368 804 4419 ret.
814 4366 868 4433 I,9,
878 4366 927 4419 47:
944 4367 1101 4433 dlaperenm,
1117 4368 1148 4417 m'
1155 4384 1166 4430 ,-
1183 4367 1190 4417 l

120 4455 187 4521 poni
216 4452 245 4506 in
272 4453 321 4508 der
337 4451 449 4506 Anrede
475 4450 525 4504 wie
551 4465 595 4518 ep.
620 4448 709 4517 22,b
752 4447 845 4517 Nepos
862 4446 1041 4518 gebrauchen
1060 4450 1091 4502 ni
1106 4464 1190 4519 garn

114 4538 156 4589 mi
173 4540 205 4591 q:
231 4538 382 4609 Pomponi5
414 4537 475 4593 att.
502 4533 566 4604 VII,
590 4534 651 4602 l,d
674 4531 717 4601 lin
752 4533 794 4600 II,
807 4531 914 4587 bb'duo.
930 4533 956 4585 8.
974 4559 1003 4572 -
1022 4541 1190 4599 quantumoj
