2602 4890
292 162 295 175 Ι
402 207 447 261 Ad
467 207 532 261 sam.
545 207 577 275 V,
596 212 635 262 12.
1054 215 1112 277 145

55 376 160 443 dunt:
183 377 322 443 scribam
344 376 412 460 ipse
434 376 473 440 de
495 395 554 454 me,
582 374 760 439 multorum
783 378 891 438 tamen
913 377 1058 459 exemplo
1080 383 1114 442 et

55 497 67 538 1
97 478 248 542 virorum.
299 476 369 556 Sed,
400 475 488 559 quod
518 480 550 540 te
580 495 644 539 non
665 475 760 557 fugit,
790 475 870 539 haec
891 485 966 540 sunt
995 477 1030 541 in
1051 478 1113 543 hoc

55 577 140 642 yitia:
175 584 207 642 et
228 576 438 642 verecundius
460 576 522 659 ipsi
544 575 583 640 de
604 596 671 640 sese
693 575 837 641 scribant
857 597 984 643 necesse
1004 584 1062 657 est,
1085 580 1114 642 si
1142 563 1146 570 ’

72 676 284 756 laudandum,
306 682 339 741 et
359 681 573 758 praetereant,
595 674 718 757 siquid
736 675 1032 758 reprehendendum
1049 686 1112 757 est3

55 779 152 856 etiam,
174 784 213 842 ut
230 778 334 843 minor
351 777 395 840 sit
417 775 508 856 fides,
530 776 635 841 minor
654 777 840 856 auotoritas,
864 778 958 843 multi
976 780 1112 863 denique

55 878 142 942 dant
157 884 190 943 et
206 878 315 942 dicant
332 876 576 941 verecundiores
591 897 658 941 esse
672 897 845 959 praecones
858 878 1009 944 ludorum
1022 900 1111 964 gym-

55 980 135 1061 ,qui‚
146 999 218 1042 cum
233 977 349 1042 ceteris
363 996 499 1041 coronas
513 977 726 1058 imposuerint
746 977 922 1043 victoribus
936 998 1112 1062 eorumque

57 1100 176 1160 magna
196 1099 273 1144 voce
294 1077 551 1161 pronuntiarint,
580 1097 652 1141 cum
677 1078 738 1158 ipsi
765 1082 841 1141 ante
864 1077 1014 1143 ludorum
1038 1081 1112 1144 mis·

55 1200 166 1244 torona
183 1179 351 1257 donentur,
375 1177 475 1242 alium
493 1197 685 1259 praeconem
704 1177 887 1256 adhibeant,
905 1199 945 1242 ne
963 1199 1021 1243 sua
1038 1200 1114 1243 voce

55 1281 178 1344 rictores
200 1299 267 1344 esse
288 1277 484 1361 praedicent.
526 1277 615 1341 Haec
637 1298 694 1342 nos
716 1279 819 1342 vitare
842 1279 990 1361 cupimus
1010 1284 1062 1358 et,
1083 1279 1112 1342 si
1138 1289 1155 1340 9

55 1401 170 1444 :ausam
192 1384 348 1458 nostram,
370 1378 556 1457 vitabimus,
578 1377 677 1460 idque
698 1383 738 1442 ut
759 1379 860 1443 facias
883 1400 1043 1461 rogamus.

55 1502 94 1544 ne
116 1480 200 1544 forte
222 1480 346 1557 mirere,
369 1500 436 1559 cur,
459 1499 532 1541 cum
550 1477 630 1541 mihi
648 1498 742 1560 saepe
766 1479 942 1544 ostenderis
960 1487 994 1545 te
1016 1500 1110 1545 accu-

55 1602 63 1645 1
85 1586 270 1644 nostrorum
287 1585 470 1662 temporum
489 1578 625 1643 consilia
640 1582 740 1660 atque
751 1584 882 1644 eventus
892 1579 1010 1644 litteris
1019 1601 1111 1646 man·

60 1733 67 1756 ‚
98 1702 117 1744 a
147 1687 178 1745 te
207 1679 240 1742 id
270 1700 355 1743 nuno
376 1684 470 1743 tanto
494 1699 589 1762 opere
611 1683 734 1743 ettam
756 1680 867 1744 multis
892 1681 996 1744 verbis
1018 1687 1110 1764 peta-

55 1803 71 1845 a
93 1802 150 1844 nos
172 1779 332 1861 cupiditas
353 1765 503 1855 incendit,
525 1778 564 1842 de
587 1799 652 1861 qua
673 1779 766 1844 initio
785 1780 907 1862 scripsi,
931 1781 1111 1846 festinatio-

55 1882 72 1944 d
95 1881 215 1944 alacres
237 1881 345 1943 animo
367 1899 488 1958 sumus,
511 1885 548 1943 ut
571 1886 603 1943 et
626 1885 722 1944 ceteri
752 1881 930 1945 viventibus
958 1881 1051 1945 nobis
1074 1901 1113 1945 ex

54 1982 82 2044 is
103 2002 162 2044 nos
186 1986 380 2062 cognoscant
405 1987 437 2044 et
454 1985 580 2044 nosmet
597 1980 660 2062 ipsi
678 1980 740 2044 vivi
757 1980 894 2062 gloriola
911 1987 1023 2045 nostra
1040 2002 1112 2063 per-

55 2134 56 2140 ,
80 2081 138 2144 His
157 2081 195 2144 de
212 2080 308 2144 rebus
325 2080 402 2163 quid
421 2086 553 2145 acturus
570 2081 621 2158 sis,
643 2081 670 2143 si
692 2081 754 2145 tibi
770 2102 834 2145 non
852 2088 901 2146 est
923 2082 1104 2160 molestum,
1115 2091 1147 2141 10

55 2287 320 2294 ——..—-—--

55 2434 66 2501 d
88 2435 181 2488 Cicero
207 2433 316 2487 schrieb
342 2432 399 2485 und
426 2449 484 2484 ver·
527 2430 625 2499 geben,
644 2449 726 2485 wenn
736 2431 868 2498 Luccejus
887 2432 961 2486 seina
978 2431 1111 2484 Bitteab·

55 2536 74 2570 ,e
92 2518 162 2571 noch
184 2518 202 2569 i.
221 2517 246 2570 J.
264 2519 298 2569 60
315 2517 376 2570 eine
395 2515 485 2570 Denk-
526 2514 669 2569 lehnte.-
687 2519 827 2568 multorum
845 2528 930 2568 tamen
947 2519 1111 2583 eaemplo...

55 2604 225 2664 vrnaenton'na,
242 2598 402 2668 ὑπόμνημα)
416 2601 486 2654 iiber
527 2598 649 2666 virorum]
668 2618 689 2652 z.
708 2599 738 2651 B.
756 2600 804 2652 des
821 2599 966 2652 Diktators
983 2600 1014 2652 L.
1026 2598 1108 2664 Sulla,

55 2686 105 2737 ilat
118 2685 147 2736 in
156 2684 342 2753 griechischer
350 2682 485 2751 Sprcche;
527 2684 645 2737 welcher
661 2684 706 2738 die
716 2683 1002 2752 Denkwiirdigheiten
1020 2684 1109 2738 seines

55 2768 89 2820 lie
117 2768 186 2820 auch
209 2768 254 2820 hir
271 2784 390 2820 unseren
409 2767 488 2821 Bries
527 2768 635 2821 Lebens
653 2768 682 2820 in
696 2770 729 2821 22
739 2767 865 2821 Biichern
874 2768 999 2832 schrieb;
1016 2767 1110 2821 ferner

55 2851 128 2903 dotia
146 2854 207 2903 Att.
225 2850 270 2917 ΙΙ,
297 2855 319 2914 l,
340 2855 369 2902 1:
395 2871 484 2919 quan·
526 2853 573 2905 des
605 2852 641 2904 M.
668 2851 803 2916 Scaurus,
835 2850 863 2903 P.
890 2851 1012 2904 Rutilius
1030 2851 1110 2916 (iiber

59 2955 98 2987 me
119 2938 218 3002 sempsit
236 2939 290 2986 inor
309 2936 397 2986 Rhodo
414 2937 484 2986 Pori-
527 2937 662 2989 letztcren
690 2935 745 3003 vgl.
773 2934 851 2986 Brut.
880 2937 928 2986 112
957 2935 1014 2987 und
1040 2935 1110 2989 iiber

58 3030 173 3070 nostrum
182 3022 249 3071 illud
263 3017 411 3085 ὑπόμνημα
425 3037 484 3070 cnm
526 3019 607 3072 beide
623 3019 687 3072 Tac.
707 3021 772 3086 Agr.
790 3033 813 3069 c.
832 3014 874 3082 1);
896 3016 988 3070 ferner
1006 3016 1037 3083 Q.
1055 3017 1110 3072 Lu·

55 3105 110 3154 rod
127 3121 185 3169 eqo
203 3105 247 3154 ad
264 3121 356 3167 enm,
373 3112 411 3153 ct
428 3121 483 3153 or·
526 3104 614 3154 tatius
632 3101 747 3155 Catulus
766 3116 818 3152 cos.
838 3099 1109 3166 1026111131).-

56 3189 96 3239 de
121 3189 236 3239 isdem
261 3189 368 3239 redas
387 3188 484 3238 acri·
525 3197 611 3239 tamen
637 3184 743 3238 erklhrt
768 3183 826 3237 sich
845 3200 893 3236 aus
911 3183 974 3236 dem
993 3183 1110 3238 Vorher-

55 3274 224 3335 cisaram,
250 3290 303 3322 non
328 3272 402 3322 modo
432 3288 484 3321 non
525 3269 671 3338 gehenden
694 3270 761 3335 quod
786 3269 907 3319 nonnulli
932 3285 1007 3334 saepe
1023 3287 1109 3336 repre·

55 3373 102 3406 asse
119 3356 335 3420 adscribendum,
352 3356 484 3406 sedetiam
526 3355 647 3406 tendunt.
674 3379 708 3390 —-
727 3350 779 3403 Die
795 3351 1109 3421 zusammengehdrigen

55 3442 160 3490 nattum.
194 3439 272 3491 Auoh
294 3454 330 3490 an
352 3439 430 3491 einer
447 3439 485 3491 la·
526 3437 623 3490 Worto
648 3437 789 3486 multorum
808 3444 830 3486 et
848 3436 978 3486 clarorum
995 3437 1109 3487 virenon

65 3521 168 3576 Schrift
186 3522 254 3575 iiber
270 3522 418 3576 donsclben
433 3522 484 3575 Ge·
525 3519 671 3588 gewinnen
688 3517 774 3570 durch
792 3517 852 3570 ihre
874 3522 1024 3587 getrennte
1041 3519 1110 3572 Stel·

55 3605 184 3658 rrbeitete
193 3621 223 3657 er
232 3605 355 3669 dama1a3
373 3605 483 3658 cndlich
526 3605 593 3671 hung
611 3618 647 3654 an
660 3599 804 3654 Wohllaut
821 3600 878 3654 und
897 3618 933 3654 an
942 3600 1108 3654 Naohdruck

59 3705 89 3741 er
109 3688 154 3741 ein
172 3687 289 3741 Gedicht
307 3689 335 3740 in
354 3689 413 3741 drei
432 3687 483 3741 Bii-
526 3687 557 3753 (s.
576 3686 645 3738 oben
669 3702 703 3736 nu
720 3685 737 3752 ἕ
756 3684 799 3752 5);
824 3685 960 3738 letzterou
986 3684 1108 3738 driicken

55 3790 85 3825 er
115 3771 174 3824 sein
199 3771 336 3825 Konsulat
368 3771 411 3838 (zu
439 3789 481 3839 ep.
525 3769 576 3822 wir
593 3768 680 3821 durch
697 3768 763 3822 ‘und
781 3772 861 3821 zwar’
880 3784 972 3820 ana-
997 3768 1108 3834 Accedit,

55 3860 95 3908 rt.
108 3857 129 3922 I,
148 3858 188 3920 19,
207 3859 255 3908 10:
273 3859 482 3909 commentarium
525 3863 554 3905 nt
564 3893 570 3906 .
581 3893 587 3905 .
598 3851 614 3920 ]
632 3853 686 3905 Pa.
697 3853 731 3918 Π,
749 3855 790 3917 97,
807 3854 831 3904 3.
840 3880 874 3889 -
879 3849 1028 3918 praecones]
1039 3851 1109 3904 nach

60 3943 109 3992 mei
131 3941 227 3992 Graece
244 3943 408 4006 compositum
425 3942 483 3990 misi
524 3937 579 3990 den
604 3936 721 4005 iibrigen
740 3936 894 4003 Kiimpfern
917 3942 964 3988 καὶ
991 3945 1047 3996 τοῖς
1065 3936 1110 4001 κή-

69 4026 195 4074 Lon'nnn
212 4025 388 4091 siperfecero,
406 4025 442 4074 od
461 4033 483 4075 te
526 4026 602 4088 ρυξιν
627 4017 812 4086 ἀγωνίζεσθαι
839 4019 1023 4086 καθέστηκενι
1041 4017 1110 4071 Pau·

55 4110 157 4159 rantum
176 4113 269 4173 po'e'mo
285 4117 433 4173 cncpectato,
451 4122 482 4157 ne
525 4122 582 4157 san.
600 4103 632 4170 V,
651 4106 692 4169 22,
712 4107 734 4156 1.

61 4192 482 4257 nmeipaolandiameneprocter·
557 4191 581 4241 9.
598 4190 647 4241 illo
681 4207 726 4240 noa
755 4190 884 4255 cupiditas
914 4185 1036 4254 incendit]
1072 4188 1109 4238 ist

55 4276 70 4326 {s
80 4274 148 4342 geht
158 4275 259 4326 danaus
269 4272 443 4337 hervor,dass
452 4290 482 4326 er
524 4271 663 4326 Nachsntz
680 4291 714 4326 zu
732 4273 874 4335 nominare,
891 4271 948 4337 vgl.
957 4287 990 4322 zu
1000 4286 1043 4336 ep.
1052 4272 1076 4334 7,
1085 4270 1109 4320 2.

55 4358 144 4412 isohen
156 4356 481 4423 commentarinajetztbis
524 4384 557 4392 -
573 4355 692 4423 Ιᾳῑοηόἰοι]
711 4374 744 4409 zu
762 4372 805 4424 ep.
824 4356 849 4421 ὅ,
866 4355 883 4406 6
900 4352 959 4405 und
976 4354 1017 4416 29,
1035 4354 1058 4405 3.

59 4439 309 4509 Zuriiekberufung
326 4440 481 4494 fortfdhren
559 4442 639 4492 10.n'
664 4442 706 4491 tibi
731 4458 783 4491 non
808 4448 843 4492 en
860 4433 1005 4503 molestum]
1020 4434 1112 4487 wien

55 4526 87 4580 ch
106 4542 152 4578 um
171 4524 221 4578 ihu
239 4523 481 4592 selbstheransge·
523 4524 625 4577 videm
651 4521 697 4592 (zu
723 4539 768 4594 ep.
791 4526 848 4592 81,
872 4519 903 4591 th
920 4516 1128 4573 nottenhem-
