2602 4890
68 204 147 279 apa]
537 206 583 259 aa
601 208 660 259 aa.
678 206 698 272 1,
719 208 758 259 re.
1093 260 1098 273 ‚
1206 208 1244 271 79

127 374 220 453 Quod
242 372 284 437 ad
306 393 356 436 me
379 372 502 450 scribis,
525 378 558 437 te
580 372 613 434 in
635 371 746 435 Asiam
767 371 919 436 statuisse
940 393 1005 437 ncn
1022 373 1079 452 ire,
1098 372 1287 456 equidem14

61 475 175 556 mallem,
205 481 243 538 ut
272 474 345 551 ires,
377 493 560 552 acuerem,
592 471 734 554 nequid
759 473 792 536 in
815 473 878 536 ista
898 493 933 535 re
955 473 1059 537 minus
1081 472 1246 538 commode

58 576 120 654 liat;
139 575 192 640 sed
213 580 323 640 tamen
346 594 410 638 non
433 593 563 655 possum
585 571 820 656 reprehendere
841 572 1011 637 consilium
1033 580 1135 653 tuum,
1154 595 1246 656 prae-

57 676 150 741 sertim
173 695 246 740 cum
268 678 393 755 egomet
414 674 447 737 in
469 672 667 758 provinciam
691 694 756 738 non
777 673 836 737 sim
859 673 1032 756 profectus.
1075 675 1244 758 Epigram-
1256 684 1287 734 15

57 775 231 853 martiatum,
253 795 337 857 quae
360 774 393 837 in
417 772 589 838 Amaltheo
610 775 755 856 posuisti,
784 775 927 838 contenti
948 773 1077 853 erimus,
1100 795 1245 857 praeser-

55 878 193 940 timeum
214 880 248 939 et
269 873 414 958 Thyillus
436 895 494 939 nos
515 874 681 957 reliquerit
703 882 735 937 et
757 874 890 938 Archias
913 874 995 938 nihil
1017 875 1057 939 de
1075 895 1125 938 me
1143 875 1243 957 scrip·

55 978 127 1053 serit,
148 995 187 1040 ac
208 996 390 1053 versurae,
418 973 561 1038 Lucullis
592 974 747 1056 quoniam
770 973 928 1038 Graecum
951 978 1067 1057 po'e‘ma
1089 973 1242 1051 condidit,

56 1096 127 1140 nunc
149 1075 191 1140 ad
214 1074 429 1140 Caecilianam
453 1073 596 1139 fabulam
617 1079 747 1156 spectet.
781 1072 921 1138 Antonio
943 1080 1002 1139 tuo
1024 1072 1151 1138 nomine
1173 1093 1247 1154 gra·
1259 1090 1290 1141 16

55 1176 106 1240 tias
125 1177 175 1258 egi
193 1196 330 1259 eamque
347 1175 518 1258 epistulam
538 1174 648 1238 Mallio
667 1170 740 1237 dedi
759 1211 796 1221 -
816 1172 858 1238 ad
881 1180 913 1238 te
930 1174 1003 1239 ideo
1023 1182 1119 1238 antea
1138 1173 1245 1237 rarius

56 1276 161 1359 scripsi,
185 1275 273 1359 quod
295 1296 358 1340 non
389 1274 550 1340 habebam
580 1275 737 1353 idoneum,
769 1273 820 1337 cui
847 1272 966 1352 darem,
990 1296 1047 1339 nec
1068 1276 1147 1339 satis
1170 1275 1246 1338 scie·

57 1376 125 1455 ham,
147 1397 213 1459 quo
235 1376 345 1441 darem
372 1396 431 1454 —3
455 1374 548 1440 valde
569 1380 602 1440 te
624 1374 793 1439 venditari.
837 1372 966 1440 Cincius
987 1376 1013 1438 si
1036 1374 1112 1457 quid
1138 1374 1179 1438 ad
1199 1385 1290 1437 me17

58 1476 95 1539 tui
113 1476 234 1558 negotii
256 1472 421 1555 detulerit,
444 1475 640 1558 suscipiam3
663 1475 719 1539 sed
737 1496 822 1539 nunc
839 1477 942 1558 magis
960 1477 993 1538 in
1011 1496 1070 1539 suo
1089 1481 1137 1539 est
1156 1496 1247 1540 occu-

58 1582 147 1657 patus,
170 1577 202 1640 in
223 1596 287 1658 quo
310 1597 369 1658 ego
392 1574 421 1640 ei
442 1597 507 1641 non
529 1575 649 1643 desum.
692 1574 750 1655 Tu,
774 1574 801 1639 si
824 1597 886 1640 uno
908 1577 941 1640 in
963 1577 1034 1641 loco
1057 1597 1089 1639 es
1107 1574 1246 1651 futurus,

58 1674 172 1741 crebras
193 1698 213 1741 a
234 1676 327 1741 nohis
348 1674 475 1740 litteras
495 1681 662 1759 exspecta3
689 1683 740 1741 ast
769 1676 872 1760 pluris
894 1677 991 1742 etiam
1014 1678 1080 1759 ipse
1107 1675 1247 1740 mittito:

58 1776 135 1841 relim
169 1776 212 1842 ad
243 1799 294 1842 me
323 1777 454 1855 scribas,
486 1779 576 1841 cuius
606 1777 692 1842 modi
722 1779 766 1842 sit
793 1780 993 1862 Ἀμαλθεῖον
1032 1784 1143 1855 tuum,
1182 1796 1247 1858 quo
1261 1784 1291 1835 18

58 1887 171 1956 amatu,
203 1898 270 1959 qua
302 1878 495 1963 renodantur,
526 1882 559 1941 et
589 1898 673 1961 quae
694 1882 845 1959 pc'e'mata
867 1898 1013 1962 quasque
1036 1878 1187 1941 historias
1210 1875 1249 1939 de

58 1976 225 2063 Ἀμαλθείᾳ
247 1978 359 2055 habes,
389 1977 432 2041 ad
462 1999 512 2042 me
542 1978 669 2042 mittas:
698 1978 779 2043 libet
809 1979 888 2042 mihi
909 1978 1015 2042 facere
1036 1979 1069 2041 in
1091 1975 1249 2059 Arpinati.

58 2071 114 2157 ligo
135 2078 198 2143 tibi
219 2077 344 2160 aliquid
368 2077 407 2141 de
430 2079 509 2143 meis
526 2079 655 2161 scriptis
676 2079 823 2143 mittam:
845 2079 927 2144 nihil
948 2085 1020 2144 erat
1042 2078 1192 2145 absoluti.

61 2244 207 2255 Q---—--

58 2360 184 2414 natiirlich
209 2362 255 2414 ein
280 2361 360 2415 recht
386 2361 541 2429 kliiglichsr
576 2363 627 2416 wie
670 2362 793 2416 bekannt
828 2364 882 2430 ist3
918 2363 1005 2416 selbst
1040 2363 1084 2415 die
1119 2362 1252 2416 Namens·

56 2440 94 2496 ‹lsr
108 2444 224 2512 Jupiter
249 2445 293 2497 bai
310 2444 472 2498 Offenbach.
495 2471 529 2483 -
551 2447 627 2512 flocci
669 2447 740 2500 form
775 2447 813 2499 ist
839 2446 976 2500 unsicher.
1004 2475 1034 2482 -
1061 2445 1180 2512 Archias]
1206 2444 1251 2498 fiir

51 2527 155 2596 soum]
191 2527 348 2581 scherzhalt
391 2526 517 2595 gebildet
552 2528 624 2580 nach
669 2530 723 2583 den
756 2530 809 2584 Cic.
837 2532 870 2584 62
898 2530 943 2583 die
972 2531 1042 2583 noch
1073 2530 1251 2584 verbandene

56 2614 251 2679 φιλοσοφητέον.
286 2611 375 2663 Floret
399 2629 453 2662 oon
471 2613 565 2677 farere
582 2609 626 2663 bei
670 2612 745 2666 Reda
763 2613 849 2681 hielt3
875 2614 982 2668 Ciceros
1010 2614 1147 2666 Konsulnt
1165 2614 1249 2679 arripit

54 2692 98 2747 cis.
115 2710 171 2747 nur
187 2695 218 2746 in
243 2693 297 2747 den
314 2693 425 2746 Briefen
451 2710 488 2747 an
505 2693 627 2758 Atticus,
668 2698 779 2750 sarim
795 2708 870 2766 atque
886 2699 1014 2750 incohauit
1030 2698 1093 2764 (pro
1104 2696 1187 2749 Arch.
1197 2695 1247 2763 28).

53 2775 161 2831 beiden
179 2774 627 2846 Komikeruhiiufigsrdusdruck
669 2780 722 2833 urit
749 2781 798 2834 der
823 2780 940 2834 Familia
965 2781 1013 2834 des
1040 2779 1171 2832 Lucullus
1190 2779 1248 2831 und

51 2860 94 2915 dar
111 2860 323 2928 Vollrssprache.
668 2863 722 2916 den
741 2863 889 2918 Metellern
900 2880 958 2917 war
968 2881 998 2916 er
1007 2879 1062 2930 eng
1074 2861 1248 2916 befreundet:

79 2947 117 2997 14.
133 2941 262 3012 quidam]
272 2942 321 2997 der
330 2943 485 3011 Gegsnsatz
494 2943 565 3011 folgt
574 2941 627 2995 mit
668 2946 754 3000 daher
770 2948 807 2999 ad
832 2948 1008 3000 Caecilianam
1029 2948 1162 3013 fabulam,
1180 2947 1205 2999 d.
1224 2946 1252 2999 h.

49 3030 89 3080 aad
103 3038 199 3079 mmm.
219 3054 247 3065 -
266 3029 296 3078 in
312 3024 413 3094 Asiam]
424 3028 464 3079 als
474 3026 565 3096 legat
574 3027 627 3078 mit
668 3031 750 3084 einen
769 3030 908 3084 vielleicht
934 3030 1104 3083 dramatisch
1130 3029 1252 3083 bearbei·

50 3112 167 3165 meinem
193 3108 312 3163 Bruder:
342 3126 363 3162 s.
389 3109 444 3162 dan
478 3109 626 3179 folgenden
668 3117 746 3167 teten
764 3114 944 3182 Gegenstand
962 3130 1011 3167 aus
1026 3112 1251 3167 derGeschichte

10 3214 12 3283 t
50 3193 153 3261 hriei§
171 3197 194 3246 l.
215 3222 243 3232 -
270 3195 356 3246 minus
381 3191 519 3260 commoda]
547 3192 626 3246 nicht
668 3196 718 3250 der
735 3212 803 3265 gens
821 3196 947 3264 Caecilia,
970 3196 1059 3250 wobei
1076 3212 1142 3249 man
1160 3202 1251 3249 zuerst

48 3294 116 3347 ganz
133 3278 165 3329 in
182 3275 342 3345 Ordnung':
369 3277 420 3330 der
436 3275 626 3346 allgemeinste
668 3298 704 3334 an
731 3280 860 3335 Metellus
887 3280 1050 3335 Numidicus
1077 3281 1117 3333 als
1146 3280 1251 3334 Helden

48 3359 210 3415 Ausdruclr:
236 3358 309 3412 llinl.
326 3378 359 3413 zu
377 3377 419 3427 ep.
436 3363 461 3415 6.
669 3365 746 3419 einer
763 3364 901 3433 Tragddie
920 3365 1016 3419 denkt.

80 3448 120 3499 lt.
128 3440 331 3513 epiprmnmaris]
341 3442 433 3509 Nepos
442 3446 503 3498 Ata
515 3446 579 3510 18,5
596 3446 625 3498 f.:
704 3451 742 3502 16.
760 3446 885 3518 Antonio]
916 3468 949 3503 zu
975 3467 1018 3518 cp.
1045 3452 1069 3503 4.
1086 3477 1119 3487 -
1137 3452 1211 3502 uulda
1229 3460 1252 3501 ta

46 3531 156 3582 uersibus
176 3529 210 3580 dr
234 3528 276 3593 su,
300 3529 346 3594 qui
370 3528 464 3580 honore
489 3546 627 3597 rerumque
668 3529 810 3599 venditari]
828 3532 891 3586 dich
907 3533 971 3587 dem
980 3534 1119 3588 Antonius
1129 3533 1252 3601 empfoh·

44 3622 177 3678 pertarum
202 3612 376 3678 amplitudine
401 3620 492 3665 οοιονοο
515 3612 627 3664 Romani
670 3615 713 3668 len
732 3615 777 3668 fiir
794 3618 906 3684 spiltere
925 3616 1193 3686 Dienstleistungen.

43 3698 137 3762 populi
152 3696 345 3761 praestarent,
353 3697 469 3762 exposuit
484 3697 626 3762 itautnd
704 3702 742 3753 17.
772 3698 888 3768 diadar]
915 3700 1157 3755 Gaschiiftsflihrer
1183 3699 1252 3768 (pro

45 3781 208 3845 &pulcrum
223 3779 378 3844 trapiacus
397 3781 477 3846 sacta
493 3782 626 3847 mopiam
669 3783 784 3849 curator)
810 3784 857 3838 des
883 3784 1003 3837 Atticus.
1028 3812 1061 3821 —
1087 3782 1134 3850 aar]
1162 3784 1252 3836 ‘aber’.

46 3870 136 3929 tuaque
162 3878 261 3933 amum,
277 3879 331 3913 non
355 3865 470 3929 amplius
495 3866 627 3932 quara-rra
670 3866 746 3921 Noch
774 3884 809 3919 au
836 3866 947 3936 einigen
965 3867 1068 3921 Stellen
1095 3866 1144 3919 der
1162 3866 1252 3919 Briefe

43 3946 181 4013 quinisque
204 3947 316 3997 οοοιὶὸιω
340 3947 507 4014 descripserit.
551 3937 627 4000 Ahn·
670 3967 705 4003 an
733 3951 845 4003 Atticus
875 3949 964 4003 findet
990 3951 1047 4003 sich
1074 3950 1162 4003 dieses
1189 3950 1251 4002 dem

44 4029 117 4082 licha
151 4027 331 4097 Epigramma
357 4027 445 4097 (nicht
471 4030 516 4084 die
550 4034 626 4085 ntim-
669 4032 934 4088 AlterenKurialstil
952 4034 1129 4102 angehiirige,
1145 4034 1252 4087 damels

44 4110 159 4179 lichen),
174 4112 205 4164 iu
221 4111 310 4166 derisu
320 4112 389 4167 auch
399 4112 627 4183 Cicerogenannt
669 4116 720 4171 der
737 4117 913 4185 prosaischen
932 4115 1155 4184 Schriftsprache
1167 4118 1253 4186 vdllig

42 4212 113 4261 war,
130 4194 195 4247 liess
221 4196 331 4251 Atticus
358 4198 409 4250 auf
424 4198 527 4251 seinem
553 4198 627 4253 Gute
669 4201 817 4255 abhanden
835 4200 1015 4267 gekommene
1035 4200 1121 4255 Wort.
1144 4201 1250 4264 (hluret

42 4279 89 4334 bei
107 4278 288 4346 Buthrotum,
313 4280 362 4333 dns
380 4281 450 4335 nach
476 4281 526 4335 der
543 4281 627 4350 Nym·
669 4284 820 4352 horrigiert
838 4293 984 4350 ratpertum,
998 4285 1106 4351 plures.)

40 4364 101 4433 phe
119 4363 271 4417 Amalthea
296 4364 391 4417 scinen
408 4363 515 4419 Namcn
539 4366 628 4434 hatte,
703 4369 742 4421 18.
754 4365 913 4435 facmeJein
931 4368 1119 4421 Amaltheam.
1137 4396 1164 4408 —
1185 4367 1251 4435 aar]

39 4446 216 4515 subringen-
245 4474 272 4485 -
297 4446 423 4517 lhpdlur]
441 4448 627 4519 griechischer
669 4450 867 4520 Imperfectum
885 4451 934 4505 des
952 4450 1108 4504 Brielstils.

40 4536 182 4599 Dichter,
214 4530 283 4587 tiber
315 4531 369 4587 den
409 4538 488 4589 sonat
529 4535 623 4592 nichts
