2602 4890
431 221 665 292 mmma

341 386 425 455 LIll.
446 388 502 473 (ad
523 388 597 454 fam.
619 388 677 470 III,
700 390 741 476 9.)

78 554 136 610 Sor.
154 555 305 612 Laodiceae
323 559 388 624 post
405 573 429 612 a.
447 557 474 611 d.
491 556 526 612 X.
543 557 605 612 Kal.
621 556 706 612 Mart.
723 561 757 613 A.
775 559 809 614 U.
826 561 854 615 c.
871 562 922 614 704
939 559 1001 627 (50).

243 705 291 771 M.
314 705 470 772 CICERO
491 706 555 771 ΑΡ.
576 706 776 775 PULCHRO
799 708 828 775 S.

55 881 76 922 x
107 855 238 922 tandem
267 856 332 938 legi
352 855 479 923 litteras
501 856 614 940 dignas
635 859 694 941 Ap.
717 857 861 938 Claudio,
892 859 1004 942 plenas
1024 859 1139 926 huma·
1167 875 1180 925 1

86 957 193 1037 officii,
225 956 421 1039 diligentiae.
473 958 652 1041 Adspeotus
681 959 830 1024 videlicet
853 959 943 1026 urbis
964 959 1027 1025 tibi
1048 966 1140 1025 tuam

55 1081 103 1125 um
125 1058 347 1123 urbanitatem
364 1058 523 1123 reddidit:
546 1080 621 1124 nam
643 1080 724 1143 quas
741 1081 780 1125 ex
799 1059 923 1140 itinere,
946 1067 1023 1126 ante
1041 1082 1139 1143 quam

55 1183 69 1225 a
91 1179 236 1242 egressus
258 1180 299 1239 es,
322 1160 363 1225 ad
386 1180 437 1224 me
458 1159 588 1224 litteras
610 1160 735 1240 misisti,
758 1180 839 1225 uuas
861 1161 901 1225 de
918 1161 1036 1244 legatis
1051 1184 1071 1227 a
1089 1183 1139 1227 me

55 1262 104 1326 itis
135 1260 304 1344 proficisci,
338 1259 458 1325 alteras
487 1260 528 1325 de
549 1262 771 1344 Appianorum
794 1262 1017 1328 aedificatione
1039 1263 1138 1346 impe-

55 1362 96 1444 tgi
117 1363 314 1445 perinvitus;
345 1362 457 1443 itaque
478 1362 673 1427 conscientia
694 1382 785 1427 meae
807 1365 985 1430 constantis
1007 1384 1085 1446 erga
1107 1370 1141 1429 te

55 1463 109 1527 atis
138 1463 287 1545 rescripsi
317 1461 378 1526 tibi
406 1461 580 1528 subiratus,
624 1462 668 1527 lis
690 1483 765 1528 vero
788 1462 907 1527 litteris
928 1464 1028 1545 lectis,
1060 1484 1141 1548 quas

55 1585 115 1643 mo,
145 1564 263 1629 liberto
287 1583 366 1643 meo,
389 1562 516 1643 dedisti,
539 1563 672 1645 cognovi
694 1563 901 1646 intellexique
922 1565 955 1628 in
977 1566 1142 1649 provincia

71 1665 177 1742 fuisse,
200 1665 345 1746 quinos,
373 1685 438 1746 quo
460 1665 569 1728 animo
590 1663 752 1729 internos
774 1685 894 1745 sumus,
918 1686 984 1730 esse
1007 1666 1159 1746 nollent,-

55 1785 114 1828 ›em
144 1784 220 1829 vero
242 1771 279 1829 ut
302 1764 471 1829 accesseris
493 1764 544 1828 vel
566 1764 674 1847 potius
695 1769 733 1828 ut
754 1767 893 1848 primum
915 1772 990 1830 tuos
1012 1767 1141 1845 videris,

55 1888 82 1930 se
104 1873 136 1930 te
158 1887 197 1930 ex
217 1866 266 1946 iis,
290 1886 356 1947 qua
377 1866 410 1929 in
432 1872 466 1930 te
487 1865 653 1930 absentem
674 1865 746 1947 fide,
770 1887 836 1948 qua
852 1867 886 1930 in
904 1868 1052 1933 omnibus
1071 1866 1141 1932 offi-

55 1966 144 2031 endis
174 1986 252 2048 erga
281 1971 314 2030 te
344 1965 550 2030 observantia
580 1971 613 2029 et
643 1965 823 2030 constantia
844 1966 982 2033 fuissem.
1025 1967 1141 2049 ltaque

65 2066 147 2131 illud
169 2087 220 2131 me
242 2065 414 2130 aestimare
435 2070 541 2148 putas,
573 2065 660 2147 quod
688 2073 736 2131 est
759 2067 791 2130 in
814 2066 879 2131 tuis
901 2066 1019 2131 litteris
1040 2067 1140 2150 scrip-

55 2170 59 2231 i
83 2167 161 2250 quid
182 2166 342 2246 inciderit,
371 2165 458 2248 quod
481 2165 523 2230 ad
544 2186 648 2231 meam
671 2165 864 2248 dignitatem
885 2167 1056 2249 pertineat,
1079 2166 1140 2231 etsi

55 2268 68 2330 i
88 2269 200 2350 possit,
218 2274 327 2332 tamen
348 2272 382 2331 te
399 2287 511 2350 parem
529 2266 608 2330 mihi
626 2269 765 2348 gratiam
783 2267 977 2331 relaturum!
997 2266 1046 2330 Tu
1065 2288 1139 2333 vero

55 2367 170 2446 facies,
202 2366 284 2431 nihil
314 2372 363 2431 est
397 2367 491 2446 enim,
524 2366 612 2449 quod
642 2365 751 2431 studio
781 2373 814 2432 et
844 2367 1069 2432 benevolentia
1091 2367 1140 2432 vel

60 2468 170 2550 potius
193 2467 277 2532 effici
299 2489 363 2532 non
385 2469 499 2551 possit.

55 2590 94 2648 go,
117 2569 178 2633 etsi
201 2569 320 2652 etipse
341 2568 388 2633 ita
410 2567 594 2632 iudicabam
616 2572 649 2632 et
670 2568 787 2633 fiebam
809 2567 922 2633 crebro
944 2589 964 2634 a
984 2568 1062 2632 meis
1080 2589 1138 2651 per
1164 2599 1181 2650 2

78 2669 209 2747 certior,
231 2675 340 2733 tamen
362 2670 535 2734 maximam
556 2668 714 2733 laetitiam
733 2669 803 2751 cepi
824 2688 864 2733 ex
881 2672 946 2732 tuis
964 2668 1082 2733 litteris
1099 2667 1139 2733 de

77 2887 136 2940 Der
165 2887 349 2942 schneidende
375 2887 435 2942 Tou
464 2888 512 2943 des
555 2888 940 2954 InteresscderGemeinden‚
959 2887 1062 2941 welche
1080 2887 1139 2941 sich

61 2971 168 3024 Brieles
186 2972 295 3039 schlilgt
313 2990 390 3040 nun,
418 2972 453 3025 da
471 2972 512 3026 (li-
554 2970 677 3024 iiberdie
688 2971 792 3025 Kosten
806 2972 851 3025 bei
870 2972 928 3025 ihm
940 2971 1138 3039 beschwerten,

55 3074 67 3107 n
87 3055 197 3122 Appius
216 3054 442 3125 Unterstiitzung
462 3056 511 3110 sei·
554 3054 742 3123 angeordnet,
767 3055 830 3108 dass
853 3054 934 3109 keinc
950 3053 1033 3108 Stadt
1051 3054 1139 3109 durch

55 3139 130 3191 rohes
145 3135 224 3205 hofft,
242 3137 271 3190 in
289 3139 333 3193 die
347 3140 511 3208 ausgesuch·
555 3138 711 3208 unndtigen
727 3137 866 3191 Aufwand
883 3156 1054 3208 gezwungen
1072 3155 1139 3192 wer-

55 3220 185 3274 tfliehkeit
203 3239 258 3275 um.
285 3224 342 3274 Aus
361 3223 410 3275 der
428 3227 510 3275 Anm.
554 3221 607 3274 den
642 3222 740 3286 sollte,
776 3221 835 3274 ihre
870 3221 977 3276 Gefdlle
1010 3240 1044 3275 zu
1078 3239 1138 3275 ver·

55 3312 73 3358 tt
92 3323 126 3357 zu
145 3305 239 3371 sehen,
256 3305 510 3373 weshalbsiohAp-
552 3305 655 3359 hausen
685 3305 742 3357 und
775 3305 828 3358 den
863 3304 990 3375 Biirgern
1020 3303 1138 3359 Steuern

55 3388 102 3440 bst
120 3407 154 3441 zu
171 3390 314 3457 grlisserer
330 3388 509 3442 Freundlich·
552 3388 740 3441 aufzubiirden
767 3387 820 3457 (ep.
847 3391 897 3458 52,
922 3388 967 3458 2),
993 3417 1027 3428 -
1052 3408 1139 3457 coquo·

55 3477 128 3526 uemt
146 3473 235 3526 hatte.
550 3473 576 3523 cl
592 3469 767 3539 intellexique]
785 3472 865 3526 recht
882 3472 1005 3526 deutlich
1023 3472 1135 3540 gesehn.

55 3574 94 3607 rua
108 3557 193 3620 Appio
212 3552 334 3623 Claudio]
353 3573 387 3608 zu
405 3572 447 3622 ep.
466 3558 508 3622 51,
549 3584 583 3592 —
600 3558 690 3608 multoc
710 3556 805 3621 faisse,
830 3558 876 3623 qui
894 3596 899 3608 .
918 3596 924 3608 .
943 3554 959 3623 ]
983 3555 1137 3609 Zwischen-

55 3668 86 3676 -
105 3640 507 3704 adspectus...artir..,urba-
550 3639 645 3707 triger
678 3640 754 3700 also,
788 3639 890 3693 welche
928 3640 982 3693 den
1017 3638 1137 3692 Frieden

55 3719 175 3789 eddidit]
194 3722 346 3789 Wortspiel
373 3723 427 3775 mit
444 3725 506 3774 urba
548 3721 682 3775 zwisohen
695 3721 781 3775 ihnen
795 3723 905 3792 gestdrt
918 3722 1027 3775 hatten.
1051 3720 1136 3775 Beide

55 3809 160 3867 anitum
189 3807 324 3872 adspectus
342 3806 409 3859 aber
426 3808 506 3859 weist
549 3804 677 3857 moohten
697 3806 754 3859 sich
782 3806 826 3861 bei
852 3807 940 3859 dieser
957 3805 1135 3871 Aufkliirung

57 3891 105 3956 in,
133 3890 196 3943 dass
215 3890 323 3958 Appius
341 3890 370 3941 in
389 3890 438 3944 der
455 3890 506 3943 Er·
547 3887 597 3941 der
615 3887 701 3942 Sache
727 3906 797 3957 gern
824 3889 987 3958 beruhigen,
1005 3888 1040 3941 da
1055 3888 1134 3954 jetzt,

88 3974 163 4028 eines
190 3973 355 4040 Triumphes
382 3993 428 4024 vor
457 3975 506 4028 der
547 3969 598 4023 wie
615 3971 665 4024 der
681 3971 760 4025 Brief
774 3972 855 4041 zeigt,
872 3973 949 4026 einer
966 3972 1014 4025 des
1030 3971 1135 4025 andern

55 4056 141 4110 ¹oiben
168 4060 273 4111 museto
295 4058 442 4121 (nachherz
470 4059 506 4109 ad
547 4054 683 4108 bedurfte.
701 4084 734 4092 —
747 4058 831 4123 focile
852 4054 946 4123 scoies]
973 4055 1136 4122 etymologi-

55 4160 85 4190 ro
103 4149 133 4190 ut
150 4141 347 4207 accesseris).—
365 4143 397 4192 de
415 4142 505 4209 leporis
547 4138 610 4192 eche
636 4139 897 4193 Ausdrucksweise:
924 4140 980 4208 vgl.
1008 4139 1074 4192 fam.
1101 4137 1136 4204 X,

55 4225 152 4289 dicitis]
177 4227 223 4278 ein
240 4224 299 4278 Teil
327 4224 375 4279 der
391 4224 506 4278 Provin-
547 4224 571 4287 3,
588 4225 815 4291 aposioposis
840 4242 908 4284 essa·
938 4226 998 4275 Att.
1026 4221 1074 4287 XI,
1094 4223 1135 4287 22,

55 4309 114 4362 ›llte
143 4309 192 4362 auf
215 4308 335 4376 Appius'
361 4308 506 4362 Veranlas·
546 4309 578 4360 2:
592 4310 711 4375 profecto
728 4309 827 4375 aliquid
839 4307 984 4374 profecero.

58 4411 73 4447 e
101 4391 318 4446 Gesandtsohaft
345 4392 416 4446 nach
433 4392 505 4445 Rom
580 4392 605 4443 2.
623 4387 729 4458 etipse]
748 4387 1135 4456 horrespondiertmitetflc

55 4493 128 4543 ,um
144 4477 206 4529 ihre
223 4475 434 4529 Zufriedenheit
452 4475 505 4528 mit
546 4477 619 4538 taum
637 4477 732 4542 etipse
753 4472 798 4527 fiir
823 4475 880 4541 ipae
907 4490 1006 4543 quoque
1027 4471 1085 4524 hut
1099 4470 1145 4523 Qir-

55 4558 237 4628 :nsprechem
255 4559 347 4614 Cicero
363 4560 444 4615 hatte
461 4560 501 4614 im
545 4577 609 4617 cero
632 4560 731 4617 nicht:
755 4558 832 4631 N'dg.
848 4556 895 4613 St.
909 4558 960 4624 st,
981 4558 1004 4610 ‘l
1024 4556 1112 4608 hum.
1130 4577 1163 4587 -
