2602 4890
10 187 14 256 ι
399 186 643 255 mmmm
1079 193 1118 255 m

10 376 64 418 era
86 362 121 419 et
152 352 257 418 oleum
290 353 486 436 philologiae
516 360 646 419 nostrae
668 355 816 436 perierit,
841 354 898 421 sed
920 357 1121 422 conferemus

10 455 87 520 cillo
109 456 234 532 animo;
257 474 361 538 neque
383 459 450 518 tarn
472 474 523 518 me
542 457 723 520 εὐελπιστιά
741 456 935 537 consolatur,
959 463 996 522 ut
1014 466 1120 538 antea,
1146 467 1164 517 2

29 558 220 645 ἀδιαφορία,
252 576 319 637 qua
348 555 443 619 nulla
473 555 505 618 in
531 575 567 619 re
589 562 657 620 tarn
679 563 755 622 utor
777 578 875 640 quam
898 559 931 621 in
953 557 1015 622 hoc
1037 558 1122 622 civili

10 657 107 720 blica.
147 655 230 732 Quin
253 657 362 734 etiarn,
384 654 473 739 quod
495 660 544 719 est
565 655 723 722 subinane
744 657 776 720 in
800 658 893 721 nobis
911 665 944 723 et
961 679 1025 723 non
1049 658 1123 748 ἀφι·

10 783 47 823 ov
78 795 120 802 -
150 756 271 819 bellum
301 761 348 820 est
378 756 460 818 enim
489 776 548 820 sua
575 757 655 821 vitia
692 778 787 822 nosse
820 796 880 836 -,
909 758 943 822 id
974 758 1123 823 adficitur

10 879 52 921 am
72 857 302 934 delectatione3
332 856 458 922 solebat
476 857 561 920 enim
580 877 630 921 me
647 879 801 940 pungere,
820 880 859 922 ne
877 858 1124 941 Sampsicerami

10 960 85 1022 ain
109 957 249 1039 patriam
281 956 323 1021 od
354 977 454 1021 annos
484 964 645 1021 sescentos
672 957 797 1021 maiora
818 958 1003 1023 viderentur
1025 981 1124 1043 quam

10 1078 39 1122 a:
64 1059 127 1121 hac
148 1057 277 1139 quidem
300 1077 379 1120 cura
400 1063 486 1121 certe
507 1057 571 1120 iam
594 1077 714 1121 vacuus
736 1077 825 1136 sum;
856 1058 940 1122 iacet
962 1060 1046 1123 enim
1069 1059 1122 1122 ille

10 1167 48 1222 ut
82 1158 196 1222 Phocis
226 1157 369 1222 Curiana
397 1163 485 1222 stare
515 1155 670 1222 videatur.
722 1156 784 1222 sed
815 1156 895 1222 haec
926 1178 1052 1223 coram:
1083 1164 1121 1222 tu
1149 1167 1165 1217 3

10 1284 19 1324 1
42 1260 162 1323 videris
185 1258 265 1323 mihi
286 1259 407 1323 Romae
424 1258 493 1322 fore
510 1257 552 1323 ad
574 1263 722 1329 nostrum
739 1259 922 1337 adventum,
941 1258 1029 1342 quod
1047 1279 1124 1322 sane

39 1360 160 1443 patiar,
191 1361 217 1424 si
249 1364 306 1424 tuo
338 1358 506 1424 commodo
532 1358 603 1423 fieri
633 1360 754 1442 possit;
785 1359 844 1439 sin,
872 1365 910 1423 ut
932 1359 1054 1438 scribis,
1078 1359 1125 1423 ita

10 1484 27 1539 r,
50 1460 145 1523 velim
168 1482 206 1523 ex
228 1458 423 1542 Theophane
449 1458 621 1541 expiscere,
653 1478 795 1542 quonam
826 1459 860 1521 in
878 1480 929 1523 me
951 1461 1060 1524 animo
1083 1459 1125 1523 sit

10 1559 128 1626 arches,
171 1559 312 1638 Quaeres
343 1560 464 1624 scilicet
493 1559 577 1624 κατὰ
598 1559 638 1623 τό
660 1556 868 1641 κηδεμονικὸν
890 1566 922 1624 et
944 1560 986 1625 ad
1010 1581 1060 1626 me
1082 1559 1123 1625 ab

10 1663 68 1725 lesi
90 1661 264 1738 ὑποθήκας
287 1661 422 1741 adferes,
446 1659 605 1743 quemad
627 1658 758 1724 modum
779 1680 830 1723 me
852 1680 981 1742 geram3
1002 1659 1125 1743 aliquid

10 1783 42 1824 ns
66 1781 211 1824 sermone
232 1761 410 1843 poterimus
432 1764 503 1844 περὶ
526 1763 591 1825 τῶν
613 1759 695 1826 ὅλων
715 1759 880 1843 suspicari.

10 2102 25 2135 n
54 2083 100 2135 die
126 2081 239 2149 Speisen
266 2082 318 2134 mit
345 2070 390 2148 (il,
421 2081 500 2134 nicht
542 2083 667 2149 11,5,1:
695 2084 760 2150 qaid
784 2101 842 2134 aero
869 2084 990 2134 historiae
1007 2084 1039 2135 cle
1056 2084 1127 2134 achis

10 2167 105 2219 3utter
139 2165 312 2226 zubereitet;
347 2164 412 2218 fam.
441 2165 500 2231 VII,
542 2170 578 2219 acl
596 2185 678 2219 aanor
696 2167 750 2218 Dc
760 2167 964 2232 praedicarint?
989 2185 1055 2234 qaas
1072 2167 1126 2232 qui·

14 2252 107 2302 Plaut.
126 2248 206 2301 Poen.
224 2248 287 2314 1‚2,
307 2250 371 2300 119:
389 2252 501 2316 tumpol
542 2252 599 2302 dem
634 2267 676 2317 epo
702 2252 781 2301 multo
817 2250 898 2315 acopis
925 2268 1013 2302 vereor
1046 2267 1124 2316 quam

14 2337 101 2386 oleum
119 2342 141 2384 et
167 2349 271 2398 operam
292 2334 417 2399 perdidi5
444 2335 500 2402 vgl.
542 2352 629 2386 eorum
646 2335 787 2397 hominum,
805 2333 850 2399 qai
875 2333 947 2384 hodie
968 2334 1066 2397 viuum,
1082 2350 1127 2383 ru·

10 2417 73 2477 1111,
90 2408 182 2481 38,'1;
200 2415 260 2468 hier
269 2416 307 2469 ist
319 2416 363 2468 die
373 2416 500 2486 Stellung
543 2420 679 2469 manculos.
714 2403 790 2469 iiber
807 2415 856 2468 dos
874 2414 1016 2468 Zahlwort
1028 2415 1079 2468 ΕΒ.
1093 2418 1127 2468 79

10 2501 85 2554 riden·
109 2499 292 2552 Substantivu
314 2500 450 2568 anff'allig.
468 2532 500 2540 ·—
544 2503 576 2552 A.
593 2500 615 2566 l,
633 2502 657 2552 3.
675 2527 708 2535 -
725 2501 818 2553 Phocis
840 2497 969 2566 Camena]
996 2499 1056 2552 eine
1075 2515 1127 2551 uns

10 2582 81 2652 ierit]
100 2584 152 2636 wir
169 2586 294 2636 miissten
323 2601 421 2638 unsere
440 2583 502 2637 stu·
544 2584 623 2637 nicht
632 2582 712 2636 mehr
721 2583 927 2637 verstitndliche
938 2583 1128 2651 Anspielung;

12 2666 428 2734 namentlichphilosophische:
443 2671 501 2735 plai-
543 2667 669 2736 gemeint
695 2667 755 2720 sein
782 2667 858 2719 kann
882 2666 932 2719 der
949 2665 1128 2719 Catilinerier

10 2753 19 2820 )
39 2751 164 2805 schlecht
182 2753 299 2819 genutat
311 2750 410 2816 haben,
421 2768 501 2803 wenn
544 2751 575 2818 Q.
585 2751 684 2804 Curius
702 2749 776 2817 (Sall.
792 2751 850 2804 eat.
860 2749 912 2815 23),
923 2748 981 2803 und
991 2750 1041 2802 der
1058 2747 1126 2801 Sion

13 2854 45 2888 ns
74 2834 160 2887 tlurch
187 2835 341 2902 derartiges
365 2835 503 2888 ellzusehr
544 2836 593 2889 der
611 2834 694 2888 Stelle
712 2836 750 2887 ist
777 2834 961 2901 wenigstens:
980 2831 1127 2899 Pompejus

10 2924 66 2972 [ten
84 2916 502 2985 liessen.—eoaferemao]cuch
544 2918 613 2987 liegt
631 2935 660 2971 so
686 2917 844 2983 darnieder,
872 2917 935 2968 dass
962 2932 1052 2984 gegen
1078 2914 1127 2966 ihn

13 3004 51 3055 ist
78 3004 140 3055 haec
164 3001 285 3067 Objekt3
311 3003 430 3068 conferre
447 3019 502 3055 von
545 3003 641 3058 Curius
661 3001 720 3070 (der
738 3001 807 3054 doch
826 3000 924 3068 gewiss
946 2999 1129 3066 herunterge-

10 3086 93 3141 lichen
111 3085 309 3153 Bespreohung
327 3085 415 3138 iliter:
441 3088 503 3140 Act.
545 3089 675 3141 kommen
692 3102 786 3154 genug
805 3082 990 3148 istlaufrecht
1002 3101 1034 3135 zu
1045 3082 1127 3136 stehn

15 3174 45 3223 l:
64 3173 85 3221 ei
102 3171 168 3236 qaid
180 3170 322 3235 Θεοφάνης
341 3181 423 3222 tecam
430 3173 503 3239 forle
545 3171 662 3224 scheint.

10 3257 62 3307 ait
101 3253 135 3318 ll,
162 3254 203 3317 25,
229 3255 253 3304 2.
282 3252 356 3319 XVI,
384 3255 414 3307 13
429 3272 451 3320 c,
479 3256 503 3307 2.
579 3259 602 3309 3.
620 3252 876 3321 tameaffiedanke:
894 3249 1129 3303 miindlichdarii-

26 3337 99 3390 Rud.
118 3336 153 3400 Il,
164 3337 188 3400 3,
205 3335 319 3390 8:338:
344 3340 438 3390 Veram
450 3357 500 3391 om·
543 3339 593 3391 her
611 3338 640 3389 in
652 3337 792 3404 Arpinum
811 3334 907 3403 (11,16,
923 3334 959 3402 4),
979 3331 1045 3386 eber
1063 3332 1128 3384 viel·

10 3424 100 3488 pientio
117 3423 186 3473 decet
203 3423 322 3488 conferre
339 3432 362 3474 et
369 3423 500 3488 fabulari.
544 3421 678 3474 leicht...
710 3448 735 3456 —
769 3420 942 3489 Theophanes]
969 3433 1017 3468 aus
1032 3414 1128 3482 myti-

10 3502 165 3571 πληθύει]
192 3503 263 3556 auch
298 3505 414 3558 deutsch
448 3506 501 3557 mit
543 3507 614 3569 lene,
640 3505 690 3557 der
719 3500 867 3557 Vertraute
898 3503 944 3555 des
970 3499 1129 3567 Pompejus.

25 3588 202 3640 Fremdwort
220 3588 453 3657 wiederzugehen.
468 3617 500 3625 -
543 3589 628 3641 echon
646 3586 709 3639 friih
729 3586 774 3639 bei
792 3587 851 3639 ihm
869 3583 1059 3638 einflussreich
1070 3582 1126 3635 und

10 3670 80 3740 οριά]
114 3672 297 3725 ‘Indifferenz’
327 3671 404 3740 (qaod
433 3676 500 3726 enim
544 3672 603 3724 sein
625 3669 841 3738 Historiograph
867 3670 930 3736 (pro
958 3668 1040 3722 Aroh.
1068 3669 1126 3730 24);

10 3755 72 3822 uici)
91 3755 246 3823 ἀδιάφορον
269 3757 370 3819 dicuat,
386 3758 416 3808 id
438 3759 501 3809 racilii
544 3757 599 3823 vgl.
618 3754 681 3807 Tac.
701 3753 904 3819 Ann.Vl,18;
924 3750 1057 3804 Inschrift
1077 3767 1127 3802 eus

10 3842 92 3904 arra,
110 3849 139 3891 ut
164 3840 409 3906 indifferens
434 3842 499 3894 dice·
543 3839 694 3907 Mytilene:
710 3837 792 3906 (nach
803 3836 983 3903 Erw'ahnung
993 3833 1129 3887 desPom-

10 3923 86 3976 efin.
104 3923 154 3989 ΙΙΙ,
171 3922 500 3992 53).-eoliaaoe]mein
544 3923 633 3991 pejus)
651 3924 827 3990 φιλοπάτριδι
847 3921 985 3986 Θεοφάνη,
1014 3922 1051 3988 roi
1079 3932 1125 3968 σω-

13 4025 30 4058 n
42 4005 178 4059 Eitelkeit
197 4005 270 4057 fiihlt
282 4007 339 4059 sich
350 4007 501 4075 geschmci·
546 4012 604 4076 τῇρι
622 4014 668 4079 καὶ
687 4006 812 4076 εὐεργέτᾳ
829 4011 876 4058 καὶ
899 4006 993 4074 κτίστᾳ
1014 4004 1129 4067 δευτέρῳ

27 4090 99 4158 neg.
125 4090 164 4142 St.
184 4092 225 4153 36,
252 4093 275 4155 l,
300 4093 352 4142 2a.
387 4091 446 4144 Nur
464 4092 501 4144 ist
545 4095 591 4159 τῆς
609 4093 747 4159 πατρίδος.
768 4118 796 4128 -
824 4084 963 4154 expiscere]
992 4085 1040 4137 dos
1059 4083 1126 4136 Ver·

10 4175 80 4226 l'ort
109 4175 196 4228 selbot
221 4174 326 4242 (pluria)
361 4176 417 4228 sein
444 4193 502 4227 um·
544 4175 611 4228 bum
637 4175 721 4229 sehon
747 4174 791 4227 bei
815 4172 918 4224 Terenz
946 4169 1067 4238 (Phorm.
1095 4167 1130 4232 Il,

10 4260 75 4311 ben,
109 4246 183 4312 [lber
200 4260 246 4311 aab
272 4277 304 4311 zu
332 4276 375 4326 ep.
401 4262 451 4325 27,
477 4261 501 4312 6.
543 4260 566 4324 3,
585 4260 717 4312 35:382:
745 4259 859 4310 Proc'aole
886 4257 1026 4322 explecare,
1053 4255 1130 4321 quasi

39 4341 68 4393 in
92 4361 210 4411 paupere
237 4342 306 4411 liegt
329 4344 378 4396 (ler
396 4343 504 4411 Begriff
543 4363 596 4396 aon
612 4341 714 4409 aceres).
732 4371 764 4380 —
783 4337 855 4393 κατά
886 4338 915 4393 τὸ
942 4333 1129 4406 κηδεμονικόν]

9 4425 149 4479 'irchtena
172 4454 196 4461 —
217 4427 254 4478 od
271 4444 353 4478 aanor
368 4425 501 4494 sescentos]
544 4429 622 4479 wirot
635 4427 692 4479 also
702 4423 780 4476 nicht
791 4424 842 4475 mit
853 4423 901 4476 der
910 4423 986 4476 Thur
1001 4421 1044 4473 ins
1054 4419 1131 4472 Heus

10 4513 35 4563 10
54 4508 96 4561 J..
113 4508 184 4579 Nig.
202 4508 242 4563 St.
262 4512 319 4574 123,
335 4512 359 4563 2.
374 4513 429 4578 vgl.
440 4514 499 4565 Act.
542 4512 635 4566 fallen.
655 4542 687 4551 -
715 4506 882 4579 iaetinacl
895 4506 1154 4563 ‘instructionem
