2602 4890
10 192 39 265 a]
399 194 444 249 ee
468 194 534 249 canc
552 191 611 261 xv,
627 197 653 248 4„
1065 194 1127 257 235

22 380 90 427 nou
121 358 280 443 appetivi3
311 359 395 425 idem
424 358 675 443 posticiariam
696 363 871 443 acceptam,
901 379 1000 442 quam
1021 364 1059 424 tu
1080 359 1128 425 rei

10 481 68 527 cae
89 460 308 528 calamitatem
330 481 457 544 semper
477 459 632 545 appellas,
660 480 764 525 meam
786 480 850 525 non
872 459 968 527 modo
989 481 1054 526 non
1076 481 1128 527 ca-

10 566 111 641 atem,
138 560 314 627 sedetiam
336 561 486 644 gloriam,
516 559 627 626 studui
648 579 748 642 quam
770 559 976 624 ornatissima
996 566 1128 626 senatus

10 660 96 745 lique
116 660 254 727 Romani
281 660 323 726 de
352 681 402 726 me
432 660 553 725 iudicia
582 659 800 738 interceder03
828 659 942 743 itaque
963 667 996 725 et
1022 680 1129 743 augur

11 783 33 828 a
53 761 125 827 fieri
146 761 242 840 volui,
267 761 356 844 quod
379 766 479 827 antea
498 758 712 843 neglexeram,
735 765 767 824 et
789 781 863 825 eum
883 759 1050 840 honorem,
1072 761 1129 843 qui

10 865 76 927 ratu
98 861 200 928 tribui
221 861 319 927 rebus
341 861 462 927 bellicis
483 862 576 940 solet,
607 860 790 943 neglectum
813 882 833 926 a
853 881 904 925 me
925 860 1012 940 olim,
1042 881 1128 925 nunc

18 960 232 1044 expetendum
255 967 344 1045 puto.

10 1061 87 1126 duic
109 1082 196 1127 meae
218 1062 389 1142 voluntati,
412 1061 446 1127 in
466 1082 534 1145 qua
554 1061 638 1127 inest
658 1061 769 1145 aliqua
786 1060 833 1125 ris
850 1059 1000 1125 desiderii
1016 1059 1059 1124 ad
1076 1079 1127 1124 sa·
1139 1069 1172 1121 14

10 1183 65 1226 um
96 1163 213 1229 vulnus
242 1162 389 1243 iniuriae,
422 1168 461 1228 ut
490 1163 600 1228 faveas
622 1162 817 1247 adiutorque
837 1163 890 1242 sis,
921 1161 1008 1244 quod
1030 1159 1128 1244 paulo
1172 1218 1175 1225 .

16 1284 70 1328 me
90 1282 243 1346 negaram
260 1268 464 1348 rogaturum,
486 1263 689 1330 vehementer
706 1270 739 1329 te
756 1285 845 1346 rogo,
867 1261 923 1327 sed
940 1263 998 1339 ita,
1020 1261 1048 1324 ei
1065 1280 1128 1325 non

10 1384 62 1427 um
93 1363 155 1428 hoc
175 1363 282 1429 nescio
304 1364 391 1447 quid,
424 1364 512 1446 quod
534 1385 593 1447 ego
614 1364 707 1446 gessi,
737 1371 770 1429 et
792 1361 1060 1429 contemnendum
1082 1359 1127 1424 vi-

10 1484 57 1542 ur,
89 1462 144 1527 sed
173 1463 241 1529 tale
271 1469 368 1546 atque
398 1468 536 1544 tantum,
558 1470 606 1528 -ut
636 1463 731 1528 multi
759 1483 966 1546 nequaquam
996 1459 1129 1544 paribus

10 1585 17 1627 s
44 1563 184 1628 honores
206 1583 346 1628 summos
368 1585 388 1628 a
409 1569 524 1629 senatu
547 1564 711 1628 consecuti
732 1559 809 1628 sintl
850 1563 1008 1646 Equidem
1030 1561 1129 1626 etiam

21 1663 102 1727 mihi
124 1663 265 1728 animum
289 1662 463 1729 advertisse
485 1662 657 1729 videor-
678 1663 739 1728 sois
760 1663 853 1742 enim,
883 1684 982 1747 quam
1004 1666 1129 1727 attente

10 1762 98 1827 adire
120 1764 241 1829 soleam
261 1804 313 1844 -,
346 1772 379 1830 te
406 1784 471 1829 non
501 1770 568 1828 tam
591 1786 641 1832 res
662 1771 769 1848 gestas
790 1785 889 1849 quam
911 1784 1017 1829 mores
1037 1762 1128 1827 insti-

10 1885 90 1947 nque
122 1865 221 1929 vitam
251 1865 485 1948 imperatorum
515 1871 661 1948 spectare
691 1865 792 1931 solere
822 1867 855 1929 in
884 1863 1040 1929 habendis
1069 1866 1130 1926 aut

10 1963 165 2029 habendis
186 1965 383 2046 honoribus3
405 1963 493 2049 quod
515 1968 541 2031 si
563 1966 606 2043 in,
620 1987 691 2031 mea
712 1986 809 2031 causa
826 1963 1055 2043 considerabis,
1077 1982 1127 2026 re-

10 2084 23 2127 s
44 2083 95 2127 me
116 2065 260 2129 exercitu
280 2065 442 2131 imbecillo
464 2073 578 2131 contra
599 2070 721 2131 metum
741 2065 872 2131 maximi
889 2064 967 2130 belli
983 2061 1128 2127 firmissi-

38 2163 234 2246 praesidium
265 2165 418 2232 habuisse
440 2167 636 2251 aequitatem
659 2174 692 2231 et
713 2166 962 2232 continentiam:
997 2163 1047 2228 his
1068 2183 1128 2245 ego

10 2262 71 2327 diis
94 2283 133 2329 ea
154 2285 225 2329 sum
247 2272 446 2346 consecutus,
471 2287 557 2350 quae
578 2266 676 2335 nullis
696 2267 878 2350 legionibus
900 2264 1050 2347 consequi
1070 2283 1128 2345 po·

10 2384 64 2442 em,
94 2372 132 2430 ut
164 2386 203 2430 ex
232 2366 433 2433 alienissimis
461 2368 556 2434 sociis
587 2369 805 2446 amicissimos,
835 2389 874 2433 ex
903 2363 1129 2431 infidelissimis

10 2464 121 2531 ssimos
152 2466 314 2535 redderem
349 2469 537 2552 animosque
567 2490 723 2535 novarum
754 2490 862 2534 rerum
893 2465 1130 2550 exspectatione

10 2585 90 2629 nsos
112 2565 154 2629 ad
176 2567 291 2632 veteris
313 2568 440 2651 imperii
461 2568 715 2634 benevolentiam
737 2570 948 2634 traducerem.

10 2663 66 2731 led
97 2666 191 2732 nimis
213 2667 293 2733 haec
313 2668 417 2733 multa
438 2669 478 2735 de
499 2690 559 2745 me,
592 2670 782 2752 praesertim
805 2668 846 2735 ad
867 2675 910 2749 te,
938 2685 1043 2749 aquo
1065 2683 1130 2727 uno
1141 2666 1176 2720 15

10 2786 63 2831 um
86 2767 246 2833 sociorum
267 2767 417 2850 querelae
438 2767 635 2833 audiuntur:
653 2788 825 2852 cognosces
847 2788 886 2832 ex
906 2766 956 2842 iis,
979 2765 1036 2847 qui
1053 2762 1132 2826 meis

10 2866 80 2930 ntis
110 2887 146 2932 se
175 2871 338 2932 recreatos
366 2874 504 2950 putant,
538 2888 674 2951 cumque
704 2888 814 2933 omnes
843 2887 908 2930 uno
935 2883 1036 2948 prope
1057 2882 1133 2926 con-

10 2988 15 3029 r
38 2965 78 3031 de
101 2987 152 3031 me
174 2965 260 3050 apud
281 2973 315 3032 te
337 2988 385 3047 ea,
415 2989 499 3051 quae
521 2967 600 3032 mihi
621 2968 827 3051 optatissima
848 2969 934 3043 sunt,
965 2960 1133 3046 praedica·

10 3126 11 3133 ,
44 3073 115 3132 tum
136 3066 220 3133 duae
241 3067 400 3137 maximae
422 3068 590 3138 clientelae
612 3075 696 3149 tuae,
720 3066 845 3150 Cyprus
867 3064 975 3128 insula
996 3067 1028 3126 et
1051 3059 1134 3145 Gap·

25 3338 64 3391 im
78 3337 149 3392 Jahr
170 3340 211 3392 53.
229 3367 262 3379 -
278 3337 356 3407 idern}
383 3338 504 3394 ‘andren
545 3339 578 3394 K.
595 3341 742 3395 Lehmann
760 3336 806 3391 fur
831 3335 881 3389 das
899 3331 1079 3387 iiberlieferte
1096 3331 1141 3381 in·
1168 3337 1172 3345 '

14 3422 84 3476 doch
110 3421 229 3477 wiedcr’.
247 3454 279 3463 -
296 3433 353 3491 post
377 3424 503 3475 inimum
544 3427 718 3493 adataatque
728 3423 821 3475 citam
839 3418 896 3486 vgl.
908 3434 952 3486 ep.
961 3417 1028 3481 6,b:
1046 3415 1145 3465 volua-

10 3506 57 3575 νη]
85 3506 139 3560 seit
157 3507 276 3562 meinem
304 3508 385 3563 Eril:
402 3526 436 3563 zu
462 3524 505 3577 ep.
548 3519 626 3563 tatem
641 3509 776 3563 imtitatae
793 3504 870 3557 citae.
887 3527 920 3538 —
937 3501 1018 3553 nullie
1034 3496 1148 3562 legioni·

18 3592 293 3661 vgl.46,l.-mecm
309 3597 503 3649 commodanon
545 3590 599 3661 dece]
625 3610 658 3645 au
684 3607 731 3659 ep.
750 3589 886 3652 50,1.-
908 3583 1012 3650 imperii
1036 3580 1150 3631 benevo-

10 3673 101 3743 tatcm]
127 3673 180 3728 ‘liic
206 3675 296 3730 moine
313 3675 416 3735 Persou
433 3679 501 3735 weit
543 3675 658 3745 lectiam]
677 3674 750 3729 iiber
776 3667 951 3724 benevolentia
976 3661 1029 3714 mit
1047 3659 1156 3715 ciuem

10 3761 42 3810 nt
59 3794 94 3815 0·
111 3760 128 3811 .'
544 3760 704 3817 sachlicheu
729 3748 965 3821 Objelrtegenetiv
991 3760 1011 3795 c.
1034 3740 1096 3794 ΡΑ.
1129 3743 1159 3809 1,

10 3844 47 3894 od
64 3844 216 3896 comeciam
231 3842 335 3911 wem]
346 3846 383 3898 cd
396 3844 444 3913 (‘in
453 3846 504 3903 Be·
545 3847 602 3899 117.

10 3943 37 3995 cg
55 3925 107 3979 auf
122 3928 187 3979 ...’:
204 3943 248 3995 ep.
265 3929 306 3997 24,
326 3928 353 3997 2)
380 3929 502 3985 bezeich·
578 3931 617 3983 16.
633 3928 700 3981 moia
717 3922 852 3978 incitatio
868 3935 893 3969 ee
901 3916 1023 3999 recreatae
1034 3914 1173 3983 parasset

10 4027 42 4065 as
70 4009 147 4075 Ziel,
173 4009 223 4063 auf
245 4010 294 4067 das
320 4013 378 4067 sein
404 4016 501 4068 docile
541 4013 605 4067 deos
631 4012 697 4066 hier
725 4006 776 4060 die
796 3998 917 4056 Absicht
942 3989 1077 4053 verbere.
1103 3993 1181 4065 Ap·

10 4092 144 4161 gerichtet
161 4091 214 4146 ist:
237 4093 324 4150 durch
340 4096 500 4152 'o'ffentliche
542 4099 604 4166 pius
613 4098 684 4153 oder
694 4107 755 4165 gar
765 4084 909 4142 Lentulus
917 4070 1190 4165 hereticusetaen·

10 4193 130 4245 ‘eunung
148 4175 239 4230 seiner
257 4175 418 4237 Verdienste
435 4199 501 4238 von·
541 4183 578 4238 ist
604 4180 688 4237 nicht
708 4173 821 4237 wahr3
847 4164 939 4219 Cicero
955 4154 1059 4246 hatte.
1089 4158 1200 4223 ‘iliam

23 4260 75 4314 des
83 4258 183 4313 Senatu
193 4260 242 4314 das
260 4260 318 4315 ihm
329 4264 500 4331 geschehene
545 4267 589 4323 die
599 4260 766 4321 Wahrheit
777 4272 816 4307 zu
829 4245 975 4303 verlatica,
994 4234 1054 4327 l¹⁰¹
1067 4243 1167 4305 sulcu
1175 4274 1192 4309 ι·

10 4342 154 4398 btwieder
170 4349 222 4412 gut
234 4345 364 4413 gemacht
378 4348 498 4405 ansehn.
540 4350 664 4407 feriiber
684 4345 737 4401 die
750 4327 905 4393 Zost'dnde
922 4315 1080 4409 schrerbeu
1111 4326 1216 4395 tisa-

10 4432 55 4483 ’ὼ
80 4436 142 4481 Μ
166 4427 299 4499 marom]
317 4428 392 4497 511.
410 4460 439 4471 -·
458 4435 497 4488 io·
539 4453 612 4503 nen,
640 4431 701 4487 wie
722 4440 760 4479 er
781 4419 827 4473 sie
845 4400 981 4495 vorfaudj
1002 4404 1226 4493 ulricum„

10 4530 79 4583 nqw
103 4508 496 4585 vitam1Ve1-besserungvon
537 4518 631 4577 Brieie
650 4511 737 4573 hieit
758 4517 795 4559 er
817 4512 851 4551 ea
869 4482 1139 4547 saturnaliorum
1176 4506 1243 4559 eq„
