2604 4860
115 72 177 135 m
605 67 839 135 mmmn
1207 67 1220 139 ι

114 235 210 301 nibus
240 234 448 319 amplissima,
479 240 588 300 tamm
609 233 674 299 ista
694 239 802 299 vestra
824 234 954 299 nomina
974 253 1160 317 numquam
1181 255 1217 299 su

114 336 272 415 miratus3
294 336 379 401 viros
401 355 465 415 eos,
487 336 542 420 qui
564 355 603 401 ea
624 334 717 400 vobis
733 333 948 417 reliquissent,
970 355 1107 417 magnos
1127 334 1220 400 arbitr

115 442 228 520 postea
260 456 335 501 vero
362 456 460 518 quam
482 437 529 500 ita
551 440 583 499 et
604 435 674 517 cepi
694 440 727 500 et
748 437 830 517 gessi
852 434 993 501 maxima
1013 435 1162 518 imperia,
1192 442 1220 499 ut

114 536 197 600 nihil
219 556 324 620 neque
347 537 389 600 ad
405 535 560 600 honorem
578 556 680 618 neque
698 534 741 600 ad
757 535 896 618 gloriam
915 535 1153 619 acquirendum
1169 554 1220 619 pur

115 635 313 719 superiorem
346 635 476 718 quidem
499 656 686 719 numquam,
716 635 773 700 sed
793 656 904 719 parem
926 635 1017 701 vobis
1039 657 1091 700 me
1113 657 1220 717 speras

115 738 247 802 factum.
290 735 357 802 Nec
377 736 558 801 mehercule
580 736 675 802 aliter
697 736 762 801 ridi
785 737 971 804 existimare
988 736 1037 802 vel
1057 736 1114 806 Gn.
1132 737 1220 820 Pom]

115 859 211 922 quem
229 838 389 915 omnibus,
408 839 465 920 qui
482 857 637 919 umquam
654 837 795 917 fuerunt,
813 838 864 902 vel
880 836 916 904 P.
932 837 1120 917 Lentulum,
1138 858 1220 920 quen

115 939 177 1024 ipsi
198 945 379 1020 antepono:
412 937 495 1001 tusi
516 937 612 1002 aliter
633 937 806 1017 existimas,
828 937 911 1002 nihil
931 937 1067 1017 errabis,
1088 939 1118 1001 si
1139 938 1220 1021 paul

114 1039 251 1121 gentius,
273 1042 321 1117 ut,
343 1036 423 1119 quid
444 1037 487 1102 sit
509 1039 662 1120 εὐγένεια,
685 1037 763 1120 quid
784 1038 827 1101 sit
845 1038 1010 1116 nobilitas,
1030 1037 1215 1119 intellegas,

115 1138 259 1205 nodorus
281 1138 439 1203 Sandonis
459 1136 545 1201 filius
567 1137 646 1221 quid
667 1138 707 1202 de
728 1138 779 1202 his
800 1138 898 1203 rebus
919 1138 1016 1217 dicat,
1040 1139 1220 1204 attenderis

72 1241 90 1293 6
199 1239 269 1318 Sed,
300 1245 338 1303 ut
358 1237 400 1303 ed
421 1259 488 1302 rem
510 1237 648 1318 redeam,
679 1259 729 1303 mo
751 1239 812 1304 tibi
834 1259 898 1304 nou
920 1240 1059 1304 amicum
1081 1240 1190 1319 modo,

115 1341 212 1404 etiam
251 1339 479 1404 amicissimum
516 1340 677 1404 existimes
707 1340 819 1405 velim:
856 1340 1001 1423 profecto
1033 1341 1187 1405 omnihus
1218 1374 1220 1395 ι

115 1441 193 1504 meis
220 1439 367 1519 efficiam,
397 1445 434 1504 ut
461 1440 510 1504 ita
531 1461 598 1506 esse
620 1460 693 1505 vere
714 1440 816 1523 possis
837 1439 990 1505 iudicare.
1042 1439 1092 1504 Tu
1114 1447 1220 1506 auten

116 1541 195 1622 agio,
218 1547 255 1605 ut
276 1540 382 1604 minus
400 1561 596 1619 moccense,
618 1540 696 1605 dum
714 1562 773 1624 ego
792 1541 905 1621 absim,
925 1541 1043 1607 debere
1061 1541 1216 1620 videaris

116 1661 175 1724 ego
198 1644 257 1705 tua
278 1640 466 1721 laborarim,
488 1641 591 1707 libero
614 1647 646 1707 te
668 1642 732 1707 ista
754 1660 849 1706 cura:

719 1741 791 1824 παρ’
815 1746 920 1826 ἔμοιγι
941 1746 994 1807 καὶ
1015 1738 1120 1820 ἄλλοι,

284 1842 325 1907 Οἵ
342 1850 379 1907 κέ
396 1867 435 1924 με
456 1840 633 1925 τιμήσουσι,
655 1840 797 1924 μάλιστα
818 1842 851 1906 δὲ
872 1843 1005 1925 μητίετα
1025 1842 1119 1919 Ζεύς.

115 1940 150 2006 Si
171 1947 279 2006 autem
302 1948 422 2007 natura
443 1963 475 2006 es
498 1944 667 2029 φιλαίτιος,
690 1941 774 2006 illud
795 1962 860 2006 non
881 1941 1036 2024 perficies,
1058 1965 1127 2027 quo
1148 1945 1218 2009 min

116 2062 214 2109 causa
243 2042 354 2108 velim:
388 2042 449 2106 hoc
479 2042 665 2123 adsequere,
688 2048 733 2119 ut,
764 2062 863 2124 quam
892 2043 926 2105 iu
955 2049 1083 2125 partem
1115 2051 1156 2111 tu
1183 2068 1220 2111 ac

115 2144 220 2207 minus
249 2144 400 2209 laborem.
443 2142 532 2208 Haec
554 2141 596 2207 ad
617 2148 650 2207 te
679 2143 793 2227 scripsi
824 2144 965 2224 liberius,
996 2145 1099 2210 fretus
1135 2169 1220 2212 cons<

117 2241 216 2308 officii
237 2243 300 2308 mei
322 2242 636 2327 benevolentiaeque,
658 2264 755 2326 quam
779 2265 799 2309 a
821 2264 870 2309 me
887 2251 976 2310 certo
993 2245 1114 2312 iudicio
1134 2269 1220 2313 susce

115 2343 222 2427 quoad
244 2349 281 2408 tu
303 2342 400 2421 voles,
423 2341 628 2409 conservabo.

114 2547 208 2602 selben
235 2565 268 2599 zu
285 2545 468 2599 bezeichnen:
504 2544 696 2613 „Superlative
770 2549 795 2599 6.
813 2547 850 2598 od
875 2544 939 2614 rem]
965 2547 1021 2598 ‘zur
1038 2540 1220 2613 Hauptsache

113 2633 162 2686 der
187 2629 343 2684 rbmisahen
360 2627 513 2683 Nobiliter‘
541 2628 695 2683 Mommsen
737 2630 809 2683 liche
829 2628 974 2697 Wendung
992 2629 1052 2683 fiir:
1073 2630 1178 2686 ‘lassen
1199 2651 1220 2685 w

113 2715 194 2771 Rom.
203 2714 401 2781 Forsehungen
410 2713 539 2779 1‚287.-
553 2714 603 2764 ieta
612 2724 696 2766 cestro
737 2713 910 2768 unliebsame
936 2711 1041 2766 Thema
1067 2714 1173 2769 fallen'.
1208 2747 1220 2754 -

113 2799 227 2866 nomine]
255 2797 334 2850 nicht
360 2801 431 2850 etna
453 2812 507 2848 nur
524 2795 569 2849 die
587 2796 695 2851 Numen
737 2817 817 2851 carno
842 2799 929 2851 debere
1012 2808 1060 2849 tao
1076 2801 1220 2853 loborarr'm

113 2883 223 2951 Appius
241 2881 298 2935 und
317 2880 460 2945 Lentulus,
478 2879 598 2932 sondern
615 2880 695 2934 iiber·
737 2884 847 2935 ethnice
871 2900 951 2934 coneo
976 2883 1039 2934 uelle
1066 2882 1138 2936 oder
1164 2903 1220 2952 ιιιμ

113 2965 203 3034 haupt
220 2966 266 3018 die
287 2964 376 3018 vielen
394 2964 423 3016 in
440 2965 509 3018 aller
525 2962 694 3018 Gediichtnis
737 2968 786 3032 34,
812 2968 844 3032 23
870 2964 945 3019 diese
963 2964 1214 3023 Ausdrueksweise

113 3050 171 3102 und
190 3049 278 3102 Mund
295 3047 431 3102 lebenden
450 3046 557 3101 Nomen
575 3048 624 3102 der
642 3047 695 3102 No·
736 3052 811 3103 terte
836 3048 894 3102 sich
912 3048 953 3101 his
971 3066 1005 3100 zu
1022 3050 1114 3103 dehere
1132 3053 1192 3105 und
1209 3056 1219 3105 l

113 3132 216 3185 bilit'at.
252 3130 305 3184 Mit
329 3131 452 3184 scharler
469 3132 560 3185 Irouie
585 3131 695 3199 spricht
736 3134 847 3185 alienius
863 3150 952 3196 conec,
968 3132 1020 3184 wie
1038 3147 1075 3185 an
1094 3151 1214 3189 unserer

113 3215 206 3269 Cicero
224 3214 292 3268 iiber
308 3214 353 3267 die
366 3214 694 3267 vornehmenHerrenin
736 3214 798 3282 Vgl.
825 3215 890 3269 fam.
911 3214 987 3280 XIII,
1004 3217 1054 3280 75,
1082 3218 1114 3269 1:
1151 3222 1220 3271 enirn

112 3298 192 3352 Verr.
207 3297 237 3364 V,
253 3300 316 3351 180:
334 3298 386 3350 Sed
402 3316 456 3349 non
473 3300 542 3351 idern
555 3301 612 3351 licet
623 3300 694 3364 mihi,
736 3301 824 3352 omnio
841 3318 899 3352 cum
916 3301 999 3365 cupio,
1016 3308 1073 3350 tum
1090 3304 1220 3356 mebercsd

112 3384 180 3450 qued
195 3385 235 3446 iis,
252 3384 297 3449 qai
310 3382 555 3447 nobiliqenerenoti
566 3385 695 3449 euntque
737 3386 809 3436 debeo
837 3381 917 3450 (auch
943 3382 1012 3434 daun
1038 3383 1220 3450 verpfliohtet

112 3469 157 3519 bas
174 3467 262 3518 omnio
272 3467 368 3532 populi
376 3466 489 3516 Romani
503 3468 624 3533 beneficio
637 3467 695 3518 dor·
736 3468 804 3521 ibid.
813 3466 862 3532 IX,
878 3468 919 3531 24,
938 3469 967 3519 1:
986 3483 1043 3515 cum
1060 3474 1084 3517 te
1102 3476 1176 3519 tanto
1194 3488 1220 3535 o}

113 3551 247 3602 urientibus
256 3550 420 3615 deseruntur.
443 3547 504 3616 Vgl.
514 3550 543 3601 ln
553 3548 630 3602 Verr.
640 3552 695 3603 act.
737 3552 823 3603 dorem
851 3552 905 3601 eins
933 3567 1013 3600 causo
1037 3549 1178 3615 laboras-25
1210 3554 1220 3606 ς’

111 3633 133 3698 1,
143 3636 168 3699 6,
178 3635 217 3687 15.
236 3661 268 3669 -
286 3631 349 3700 cepi]
368 3631 526 3700 gegeniiber
543 3649 598 3686 von
612 3636 694 3699 seen:
737 3634 834 3688 caecil.
852 3636 900 3686 23:
922 3643 952 3684 ot
968 3635 990 3684 ie
1007 3634 1168 3698 absolvatur,
1187 3655 1220 3687 cn·

112 3719 232 3786 erlangt,
249 3716 384 3781 erhelten,
402 3715 600 3769 iiberkommen
616 3717 695 3771 habe.
737 3735 817 3768 causo
834 3719 928 3770 laboro.
946 3744 980 3754 -
997 3717 1064 3784 παρ’
1083 3717 1188 3788 ἔμοιγε]
1207 3720 1218 3772 Ι

111 3829 146 3838 -
162 3798 283 3868 imperia]
303 3798 539 3852 Steatsiimter.-
553 3802 695 3854 Athenodo
738 3805 787 3856 174
795 3801 813 3854 f.
832 3803 1025 3869 Agamemnon
1049 3818 1082 3852 zu
1102 3802 1220 3857 Achillei

111 3882 165 3951 ror]
183 3886 228 3936 ein
246 3882 372 3946 Stoiker,
399 3901 432 3935 zu
449 3882 550 3936 Tarsus
567 3883 694 3952 gehoren‚
736 3903 800 3939 vom
818 3883 1081 3952 Kriegsschauplatz
1101 3885 1220 3939 heimzul

112 3970 208 4034 sp'ater
226 3967 331 4020 Lehrer
349 3967 406 4019 und
422 3965 535 4019 Freuud
554 3966 600 4020 des
615 3966 695 4021 Octa·
736 3968 827 4022 droht.
861 3967 931 4021 Dass
949 3967 1001 4020 mit
1019 3969 1091 4030 Ζεύς
1110 3970 1161 4023 auf
1172 3970 1220 4025 Por

112 4050 219 4104 vienus.
247 4079 281 4086 —
306 4053 337 4103 de
362 4052 401 4103 bis
426 4048 510 4117 rebus]
537 4050 563 4103 d.
581 4050 608 4103 h.
625 4050 695 4105 iiber
737 4051 891 4121 augespielt
908 4050 962 4117 sei,
980 4055 1140 4108 vermutete
1158 4054 1219 4107 scho

112 4133 362 4188 denUnterschied
379 4133 515 4188 zwischen
530 4132 694 4186 vornehmer
736 4136 840 4189 nutius.
865 4163 898 4172 -
923 4142 990 4184 certo
1018 4134 1128 4204 iudicio]
1158 4154 1206 4191 uus

112 4217 220 4271 Geburt
237 4215 367 4284 (εὐγένεια
376 4239 409 4262 --
420 4214 501 4287 doctri
519 4221 613 4285 γένους
623 4218 694 4273 nach
737 4206 940 4287 Ilberzeugung
956 4219 1006 4283 (im
1015 4216 1175 4287 Gegensatz
1190 4239 1220 4273 zu

102 4301 285 4369 Aristoteles)
303 4301 361 4357 und
381 4300 596 4357 Verdieustadei
617 4299 694 4369 <nobb
736 4301 996 4372 augenblicklichen
1022 4299 1172 4373 Regung);
1189 4322 1221 4373 vg

89 4385 174 4454 litae).
744 4387 831 4451 bna
