2602 4890
111 202 172 265 238
587 194 633 249 Ad
648 193 714 249 fanu
728 194 778 262 111,
794 197 819 248 ⁷.
1201 192 1224 260 {l

111 364 201 450 prius
230 382 329 446 quam
359 381 418 443 ego
449 381 485 426 re
511 359 642 442 cognita
663 359 893 443 permisissem
922 380 1024 444 genus
1045 360 1135 427 enim
1157 380 1224 445 quo

111 464 211 529 fuisse
232 460 436 545 impediendi,
462 481 534 525 oum
558 481 616 543 ego
637 480 831 543 cognoscere
851 481 1070 544 non-possem,
1101 460 1168 527 nisi
1188 481 1225 526 cu

68 575 87 627 3
112 565 250 631 hiemem
278 583 329 627 me
349 583 388 627 ex
410 561 522 627 Cilicia
541 562 739 646 recepissem.
780 561 831 626 Ad
852 561 961 627 omnia
981 561 1093 645 accipe
1113 567 1148 627 et
1169 582 1224 645 cog

113 663 311 748 aequitatem
342 662 610 746 expostulationis
640 668 734 728 tuae:
766 664 919 747 primum,
948 683 1022 728 cum
1051 662 1097 727 ad
1124 683 1179 729 me
1200 684 1224 730 a<

113 771 196 830 esset
225 763 267 830 ab
298 763 346 843 iis,
377 762 435 845 qui
465 761 609 827 dicerent
635 783 711 828 ase
732 761 949 829 intolerabilia
970 762 1100 829 tributa
1119 762 1215 847 exigi,

113 864 231 930 habuit
252 862 437 947 iniquitatis
456 883 507 928 me
529 862 678 944 scribere,
708 882 749 928 ne
769 863 923 945 facerent,
954 868 1031 929 ante
1052 884 1154 947 quam
1176 884 1224 946 eg‹

114 984 307 1047 causamque
329 962 541 1047 cognossem?
583 961 612 1026 N
616 984 657 1027 on
678 969 834 1046 poteram,
862 963 971 1042 credo,
992 970 1070 1030 ante
1090 962 1224 1029 hiemem

114 1068 198 1130 enim
220 1064 352 1129 scribis:
383 1063 572 1147 quasivero
595 1062 638 1127 ad
659 1062 916 1146 cognoscendum
938 1084 999 1146 ego
1021 1065 1064 1131 ad
1084 1063 1170 1145 illos,
1191 1084 1224 1129 n<

113 1165 155 1231 ad
178 1185 229 1229 me
251 1166 359 1230 venire
381 1163 560 1228 debuerint.
605 1162 705 1228 >Tam
721 1162 860 1246 longe?‹
884 1163 1000 1248 inquis.
1044 1163 1154 1240 Quid?
1177 1184 1224 1228 cur

115 1266 174 1331 bas
195 1267 234 1330 iis
256 1264 393 1342 litteras,
422 1284 479 1347 per
499 1283 582 1347 quas
604 1282 728 1328 mecum
751 1264 880 1345 agebas,
902 1284 942 1329 ne
964 1284 1018 1330 eos
1039 1263 1224 1347 impedirem

113 1367 220 1430 minus
252 1370 327 1430 ante
357 1364 494 1428 hiemem
517 1362 735 1443 aedificarent,
766 1384 831 1429 non
853 1383 908 1429 eos
928 1363 969 1429 ad
991 1385 1042 1429 me
1063 1369 1216 1430 venturos

113 1465 271 1531 trabere?
294 1465 424 1530 tametsi
445 1463 478 1528 id
500 1463 627 1548 quidem
648 1464 971 1544 feceruntridicu103
992 1485 1076 1548 quas
1093 1465 1180 1530 enim
1197 1465 1224 1529 lit

115 1565 315 1643 adferebant,
345 1571 383 1630 ut
414 1585 495 1647 opus
525 1570 650 1630 aestate
671 1564 779 1630 facere
800 1568 941 1647 possent,
973 1585 1028 1630 eas
1049 1565 1131 1629 mihi
1152 1571 1223 1648 post

115 1686 201 1730 mam
223 1664 439 1731 reddiderunt.
484 1663 546 1729 Sed
567 1666 649 1730 scito
670 1671 703 1730 et
724 1665 827 1729 multo
848 1664 959 1747 plures
980 1686 1057 1746 esse,
1079 1666 1138 1749 qui
1159 1665 1224 1731 det

115 1767 161 1833 tis
181 1773 338 1848 recusent,
366 1787 465 1849 quam
487 1766 544 1849 qui
566 1766 651 1847 exigi
672 1766 785 1846 velint,
813 1771 846 1831 et
868 1787 918 1831 me
939 1770 1056 1846 tamen,
1080 1765 1170 1849 quod
1189 1772 1219 1832 te

116 1867 306 1946 existimem,
328 1887 396 1932 esse
419 1866 592 1931 facturum,

73 1980 92 2032 4
202 1969 251 2031 De
272 1966 427 2048 Appianis
449 1966 614 2031 hactenus.
653 1965 869 2045 APausania,
892 1964 1023 2031 Lentuli
1041 1965 1170 2046 liberto,
1192 1987 1224 2032 ac

117 2087 198 2147 meo,
228 2066 346 2144 audivi,
377 2086 448 2131 cum
469 2065 590 2133 diceret
611 2071 644 2130 te
666 2086 773 2130 secum
795 2085 864 2130 esse
884 2071 1047 2149 questum,
1074 2065 1165 2149 quod
1184 2066 1224 2131 til

117 2167 201 2232 viam
232 2187 297 2231 non
326 2165 512 2251 prodissem.
555 2165 683 2232 Scilicet
704 2166 881 2249 contempsi
902 2172 945 2246 te,
976 2185 1034 2231 nec
1054 2172 1163 2249 potest
1183 2167 1224 2232 fie:

118 2268 289 2352 quicquam
310 2266 497 2349 superbius!
541 2265 622 2333 Cum
648 2287 729 2350 puer
754 2272 832 2331 tuus
862 2266 903 2332 ad
932 2286 983 2331 me
1012 2265 1155 2332 secunda
1183 2266 1224 2331 fer

117 2368 196 2451 gilia
225 2368 361 2432 venisset
385 2368 478 2450 isque
501 2373 534 2433 te
556 2375 633 2433 aute
654 2367 758 2432 lucem
781 2368 924 2433 leonium
945 2368 1026 2432 mihi
1046 2375 1217 2433 venturum

118 2471 240 2548 tiasset,
271 2467 504 2552 incertumque,
538 2475 615 2534 utra
643 2469 704 2550 via,
738 2488 810 2533 cum
839 2475 948 2535 essent
965 2468 1058 2546 duae,
1080 2467 1224 2534 alteral

152 2760 176 2812 8.
194 2754 289 2824 accipe]
307 2756 470 2822 ‘vernimm’,
488 2756 541 2810 wie
566 2754 640 2808 diter
657 2753 701 2808 bei
743 2753 810 2820 keit,
837 2753 933 2807 wurde
950 2752 1034 2806 meist
1059 2768 1110 2806 aus
1136 2751 1223 2805 dene

118 2840 208 2896 Horaz
226 2839 294 2908 (Sat.
312 2841 334 2906 I,
350 2842 377 2907 4,
396 2841 444 2907 383
462 2839 496 2905 Il,
512 2843 537 2906 3,
562 2842 612 2907 463
636 2841 701 2906 2333
742 2835 967 2906 Freigelassenen
992 2835 1117 2904 gew'a'hlt
1144 2835 1202 2888 und

117 2928 183 2992 3073
200 2926 224 2991 5,
243 2926 286 2988 10)
303 2924 486 2977 ebensoPlur.
500 2926 606 2992 accipite
614 2943 623 2985 ;
641 2923 702 2977 hier
743 2921 807 2974 dete
824 2937 854 2974 so
871 2917 1008 2989 geradezu
1017 2918 1059 2972 oft
1075 2919 1139 2973 eine
1148 2917 1224 2972 Vertr

118 3008 242 3063 absolut:
260 3007 406 3060 ‘vernimm
432 3008 523 3061 meine
546 3009 701 3060 Antwort':
743 3004 874 3072 stellung.
907 2997 1219 3071 vgl.ta.Q.fr.1,1,

118 3092 189 3159 urg.
207 3090 246 3143 St.
266 3092 356 3159 116,4
382 3091 440 3144 und
456 3108 489 3144 zu
507 3107 550 3157 ep.
568 3093 610 3157 33,
628 3093 651 3144 1.
669 3120 701 3129 —-
743 3104 801 3142 cum
823 3084 926 3154 ἄοινα]
951 3087 981 3139 in
1006 3085 1097 3139 dieser
1124 3087 1224 3141 umeclu

115 3172 241 3242 prinum]
268 3173 340 3227 ohne
373 3173 584 3242 nachfolgendes
610 3175 702 3227 danda
743 3171 798 3226 den
824 3169 1065 3224 Ausdrucksweise
1088 3167 1194 3235 (andivi
1217 3188 1224 3220 ι

117 3257 184 3312 oder
201 3257 270 3325 dgl.:
288 3275 322 3308 zu
339 3273 382 3325 ep.
401 3260 425 3323 6,
443 3261 467 3312 7.
482 3259 626 3310 -adt‘trnn
642 3267 702 3311 ercet
744 3272 782 3321 co,
799 3270 855 3304 cun
868 3253 975 3321 diceret)
993 3253 1070 3307 steht
1087 3253 1224 3307 immerdc

117 3343 149 3392 ab
176 3338 220 3407 iic]
248 3340 352 3405 Passiv,
386 3341 448 3394 weil
482 3341 526 3395 die
552 3340 702 3409 Handluug
741 3337 906 3406 junktiv.-
925 3346 1063 3403 neopotect
1073 3338 1224 3404 ficrimequ

118 3423 213 3488 selbot,
229 3422 280 3475 das
297 3422 467 3477 Erscheiuen
489 3441 540 3478 vor
557 3425 621 3478 dem
638 3424 703 3478 Pro·
743 3418 886 3487 superbius]
904 3407 979 3474 tiber
1000 3420 1049 3475 das
1067 3419 1208 3473 Neutrum

118 3507 226 3572 konsul,
252 3506 296 3559 die
315 3506 493 3574 Hauptsache
517 3509 564 3576 ist,
589 3508 634 3563 die
661 3525 702 3562 er·
743 3507 769 3570 9,
786 3506 812 3557 4.
845 3502 901 3556 Der
927 3503 979 3556 mit
1000 3521 1046 3556 nec
1072 3503 1224 3558 cintretent'

118 3590 304 3644 scheinenden
340 3590 478 3643 Personen
522 3590 701 3646 unerheblich
744 3587 903 3641 iiberbietet
928 3586 983 3640 den
999 3586 1224 3654 vurbergehends

119 3675 198 3727 sind:
215 3673 286 3742 N'tig.
304 3672 345 3727 St.
363 3675 411 3727 llb
421 3672 447 3725 b.
464 3701 498 3711 -
514 3693 568 3727 rem
585 3692 701 3728 causam·
744 3669 872 3724 schliessc
890 3670 938 3723 das
956 3668 1050 3723 Urteil
1075 3669 1148 3723 iiber
1167 3670 1213 3723 die

118 3756 178 3827 que]
196 3777 230 3811 zu
247 3774 290 3825 ep.
308 3759 349 3822 43,
368 3759 391 3810 5.
403 3785 431 3795 -
442 3775 494 3808 nrm
507 3768 632 3824 poteram,
649 3776 702 3812 cre·
743 3753 810 3808 oder
828 3751 913 3807 Sache
931 3752 983 3818 ab;
1008 3770 1054 3806 nec
1080 3752 1119 3805 ist
1137 3753 1224 3808 daher

119 3839 212 3908 do...]
230 3840 367 3893 ironiech:
385 3839 448 3893 ‘Das
467 3839 571 3894 konnte
593 3841 637 3894 ich
655 3857 703 3894 na·
744 3836 847 3892 sowohl
880 3834 1055 3891 verbindend
1095 3837 1138 3889 als
1174 3837 1225 3890 atei

119 3926 221 3979 tiirlich
250 3924 345 3977 nicht'.
370 3953 403 3962 -
429 3921 537 3991 tunneto]
570 3923 702 3993 lorrigie·
744 3920 911 3988 ‘iiberhaupt
928 3919 1024 3973 nicht’.
1050 3949 1077 3958 -
1102 3928 1127 3971 tc
1214 3922 1224 3971 l

120 4009 189 4063 rend
222 4007 363 4061 ‘freilich’z
391 4006 421 4058 in
447 4006 502 4060 den
518 4006 627 4061 Briefen
653 4007 705 4060 wie
745 4006 809 4056 mitt
842 4014 981 4055 venturum
1014 4001 1175 4072 nuntiasset]
1206 4021 1224 4054 n

120 4091 191 4145 auch
215 4093 259 4144 etsi
275 4089 424 4158 (Hofmaun
448 4108 480 4142 zu
500 4090 560 4143 Att.
577 4089 612 4156 X,
629 4093 653 4157 8,
669 4088 704 4157 9).
747 4088 802 4142 mit
818 4089 962 4139 nuntiasset
978 4105 1014 4141 zu
1026 4085 1194 4141 verbinden:
1211 4086 1224 4139 d

153 4177 178 4227 4.
195 4172 312 4241 Lentuli]
331 4174 464 4226 Lentulus
490 4172 631 4239 Spinther,
648 4175 704 4240 Ap·
746 4170 926 4240 schrdnkung
951 4170 998 4224 des
1024 4168 1209 4240 chlklangs

120 4260 192 4326 pius’
204 4259 367 4327 Vorgiinger
379 4258 408 4310 in
418 4256 548 4310 Kilikien.
569 4284 597 4292 -
616 4274 703 4309 accen-
745 4282 779 4293 -
812 4251 998 4320 incertumque]
1034 4253 1097 4307 eine
1123 4253 1224 4309 Unhtss

119 4361 146 4395 eo
159 4341 222 4411 meo]
241 4343 290 4396 der
307 4360 427 4395 accensae
441 4338 704 4408 (urspriinglichein
746 4339 794 4392 des
820 4337 930 4405 Appius
960 4336 1026 4391 deri
1053 4354 1122 4392 man
1148 4336 1224 4392 datin

119 4426 306 4480 Ersatumann
340 4424 430 4478 neben
464 4424 519 4477 den
550 4421 704 4490 Liktoren),
747 4421 831 4476 sehn:
866 4421 962 4476 Cicero
988 4420 1096 4477 konnte
1125 4437 1156 4475 es
1183 4418 1224 4474 ebt

113 4508 144 4563 c?
210 4508 221 4520 ’
254 4508 412 4583 ''egreuzte
435 4507 573 4564 amtliche
591 4506 707 4577 'lbiitig-
747 4506 814 4561 dem
845 4503 965 4560 Sklaven
998 4502 1079 4559 nicht
1111 4502 1224 4560 emelim
