2602 4890
432 212 477 265 Ad
499 213 563 266 iarn.
578 212 600 278 I,
616 216 640 265 7.
1076 218 1134 278 155

55 378 105 444 rod
121 378 236 443 scribis
252 384 285 443 ta
302 378 382 443 velle
400 379 489 456 scire,
507 379 564 461 qui
581 380 624 444 sit
645 381 692 444 rei
709 378 858 462 publicae
876 385 992 459 status,
1011 400 1137 445 summa
1148 392 1180 442 10

55 482 82 543 io
105 484 167 557 est,
190 478 245 544 sed
267 481 431 544 eontentio
453 478 582 561 dispar3
605 499 681 544 nam
702 480 760 561 qui
781 479 855 561 plus
877 480 1003 563 opibus,
1027 483 1134 560 armis,

55 579 204 659 avalent,
216 579 389 661 profecisse
407 585 536 643 tantum
555 577 634 643 mihi
650 577 802 643 ridentur
816 578 959 644 stultitia
975 587 1008 645 et
1025 582 1136 648 incon-

72 679 339 757 adversariorum,
369 683 408 742 ut
429 678 527 743 etiam
550 678 745 744 auctoritate
775 679 840 743 iam
871 678 942 762 plns
974 680 1134 746 valerent:

70 779 241 862 perpaucis
272 777 517 843 adversantibus
549 778 671 856 omnia,
703 798 787 859 quae
822 798 862 842 ne
894 799 952 860 per
982 782 1136 864 populum

89 882 156 943 sine
186 879 345 944 seditione
375 899 408 942 se
441 877 575 960 adsequi
604 877 867 956 arbitrabantur,
899 899 956 962 per
986 888 1136 946 senatum

55 981 89 1044 ni
111 987 205 1059 sunt;
236 985 365 1045 namet
387 979 582 1062 stipendium
605 977 737 1044 Caesari
759 979 922 1044 decretum
952 988 1000 1046 est
1023 987 1056 1045 et
1078 981 1133 1046 de-

55 1081 117 1163 gati
139 1087 180 1160 et,
203 1102 243 1145 ne
264 1081 333 1163 lege
355 1079 545 1162 Sempronia
567 1079 807 1157 succederetur,
838 1080 933 1144 facile
954 1081 1134 1163 perlectum

55 1181 115 1245 rod
138 1203 175 1245 eo
198 1182 239 1246 ad
261 1188 293 1246 te
316 1181 442 1245 brevius
464 1181 579 1258 scribo,
601 1181 677 1264 quia
698 1201 749 1244 me
766 1186 872 1245 status
890 1182 942 1247 hic
963 1181 1010 1247 rei
1028 1182 1134 1264 publi-

55 1281 230 1359 rdelectat3
242 1281 348 1345 scribo
363 1287 482 1357 tamen,
501 1287 539 1344 ut
557 1287 590 1345 te
608 1280 808 1360 admoneam,
826 1282 915 1364 quod
931 1282 999 1364 ipse
1016 1281 1135 1347 litteris

55 1381 257 1462 sapueritia
269 1380 395 1444 deditus
409 1379 599 1463 experiendo
618 1385 726 1445 tamen
745 1382 847 1463 magis
865 1403 964 1465 qnam
983 1382 1133 1448 discendo

59 1532 67 1560 ,
92 1486 128 1544 tn
151 1482 217 1546 tuis
234 1481 330 1546 rebus
348 1482 482 1562 integris
500 1480 613 1557 discas
631 1499 736 1563 neque
753 1481 868 1546 salutis
885 1490 1015 1549 nostrae
1032 1485 1134 1549 ratio-

55 1580 213 1646 abendam
243 1581 335 1646 nobis
367 1601 432 1645 esse
454 1580 522 1644 sine
553 1579 712 1662 dignitate
742 1601 846 1663 neque
875 1582 1045 1665 diguitatis
1068 1585 1135 1648 sine

58 1782 100 1845 od
122 1781 200 1844 mihi
221 1781 260 1845 de
280 1780 348 1845 filia
365 1786 397 1845 et
419 1780 458 1844 de
481 1779 670 1861 Crassipede
691 1783 886 1862 gratularis,
912 1804 1051 1865 agnosco
1073 1784 1132 1848 hu·
1145 1794 1174 1843 11
1239 1862 1242 1867 Ι

55 1896 114 1947 tem
127 1890 218 1946 tuam
234 1903 391 1965 speroque
409 1888 441 1946 et
460 1888 536 1964 opto
548 1881 640 1946 nobis
652 1881 735 1946 hano
753 1885 1010 1949 coniunctionem
1022 1885 1132 1968 volup-

55 2187 173 2251 ersteht3
190 2188 245 2256 vgl.
264 2191 324 2240 Att.
342 2187 399 2254 Xl,
425 2192 457 2255 5,
481 2192 502 2240 1.
546 2187 637 2239 Gunst
663 2187 729 2240 oder
755 2185 825 2239 Hass
862 2187 964 2240 darauf
992 2187 1132 2241 einwirke.

68 2289 162 2321 causae
173 2273 362 2325 maserias...
398 2271 503 2325 Darum
546 2269 609 2323 Nun
628 2270 720 2324 wollte
746 2270 853 2324 damals
880 2270 924 2324 ein
947 2288 1056 2340 grosser
1073 2270 1133 2325 Teil

57 2353 185 2421 folgende
210 2364 237 2404 ut
260 2355 337 2408 nicht
355 2373 409 2410 von
426 2359 505 2406 movit
546 2353 592 2406 des
618 2352 718 2407 Senats
752 2354 798 2408 fiir
825 2356 869 2408 die
897 2355 996 2408 beiden
1023 2355 1132 2409 Gallien

55 2455 71 2502 ζ,
89 2438 209 2490 sondern
227 2456 281 2491 von
298 2441 347 2490 illo
363 2442 447 2489 ratio:
467 2440 502 2492 da
546 2437 591 2490 die
609 2437 736 2491 Konsnln
754 2438 800 2491 des
818 2438 843 2491 J.
863 2439 896 2491 55
913 2439 953 2491 nls
966 2437 1131 2507 Nachfolger

55 2521 91 2572 zht
115 2522 167 2573 den
185 2524 248 2575 Acc.
266 2540 287 2575 c.
306 2522 359 2576 Inf.
378 2524 503 2591 regiaren
546 2519 643 2573 Ciisars
662 2519 712 2573 auf
718 2520 771 2574 den
782 2521 891 2573 1.Miirz
905 2523 939 2575 54
948 2521 1131 2576 bestimmen:

55 2605 122 2657 ,die
140 2605 504 2675 pleonastischeWendnng
546 2603 596 2657 der
615 2606 725 2672 Antrsg
751 2604 820 2673 ging
845 2604 912 2659 aber
939 2607 1017 2659 nicht
1035 2606 1130 2658 durch.

57 2706 110 2737 rem
127 2690 264 2756 gewa'hlt:
283 2707 304 2742 s.
322 2708 355 2742 zu
373 2707 417 2757 ep.
431 2692 471 2756 13,
480 2694 502 2742 3.
546 2686 606 2754 Vgl.
625 2704 676 2754 pro
694 2686 781 2740 Balbo
798 2690 849 2744 61:
868 2689 895 2741 0.
910 2689 1045 2741 Gaesarem
1058 2706 1131 2740 aena-

55 2772 98 2824 ite
124 2783 160 2849 ut⁸
177 2772 267 2841 hangt
294 2791 346 2827 von
365 2775 504 2825 oderemu-
546 2781 587 2820 tero
605 2780 629 2821 et
643 2787 738 2837 ynam
752 2773 967 2836 supplicationum
976 2774 1130 2837 amplissimo

545 2856 648 2905 ‹unooit
673 2863 698 2905 et
714 2871 820 2905 numero
838 2856 939 2907 dieram
956 2873 1038 2917 uooo,·
1063 2856 1130 2906 idem

72 2938 304 3007 paternalem]
331 2940 377 2993 die
394 2940 503 2993 Trium·
545 2941 573 2989 in
591 2938 718 3003 cerquariis
735 2940 835 2989 aerarii
856 2940 976 2989 victorem
993 2943 1131 2991 sancitam

55 3025 194 3073 inormitate
210 3024 271 3087 plus
288 3022 415 3091 salernu]
426 3027 504 3077 nitur·
544 3022 672 3086 inpendio
700 3023 801 3086 affecit,
827 3023 977 3086 imperatori
993 3023 1079 3073 decem
1096 3024 1130 3073 ls-

65 3105 114 3156 der
131 3104 214 3157 Senat
241 3105 407 3171 (moralisch
424 3108 504 3160 iiber·
542 3113 616 3172 potos
634 3105 754 3169 masat,
772 3104 1130 3172 leqasemproniasuooeden-

55 3216 86 3222 -
104 3190 270 3255 almendram]
293 3190 338 3243 die
355 3190 503 3259 Erteilung
545 3189 668 3239 domnoc
686 3189 791 3239 cenauit.
825 3187 1130 3257 Harumeqoaententia·

55 3287 76 3323 rs
103 3288 152 3324 aus
169 3272 232 3325 dem
250 3272 440 3326 Staatsschntz
458 3273 502 3326 fiir
544 3289 603 3322 ram
629 3280 654 3322 et
675 3271 797 3335 princeps
823 3280 847 3323 et
863 3282 953 3323 auctor
962 3277 1022 3341 fni,
1048 3293 1130 3341 neque

55 3355 174 3422 Truppen
192 3355 273 3421 (Zahl
293 3355 343 3408 der
360 3357 502 3424 Legionon
544 3373 583 3406 me
609 3355 763 3405 dissensioni
792 3373 863 3407 mane
886 3359 1014 3422 pristinas
1037 3362 1131 3426 putaui

55 3455 95 3489 ’on
113 3441 130 3490 8
147 3438 197 3491 auf
213 3443 245 3492 10
261 3439 373 3506 erhiiht)
391 3441 448 3492 und
457 3441 503 3494 die
542 3441 627 3503 pot-ius
653 3439 781 3491 adsentiri
803 3458 880 3505 quom
892 3445 1074 3510 praesentibus
1092 3446 1131 3495 rei

55 3539 112 3589 ung
130 3523 418 3592 seinerLegatananf
432 3525 501 3578 zehn
541 3523 661 3587 publicae
691 3524 845 3587 temporibus
862 3535 885 3575 et
902 3527 1055 3578 wncordioe
1072 3545 1131 3578 corr·

55 3609 106 3656 nte
124 3605 218 3658 Cicero
236 3607 322 3660 selbst
339 3606 503 3662 MitteJuni
543 3607 639 3658 venire.
680 3605 761 3661 Diefle
787 3606 872 3660 letzte
898 3608 1053 3664 Thettaohe
1080 3612 1130 3665 hat

55 3688 503 3755 rseinerRededeprovinciiacon·
544 3689 638 3743 Cicero
656 3690 796 3745 natiirlich
815 3691 951 3746 Lentulus
972 3695 1130 3762 gegeniiber

56 3793 62 3822 :
89 3772 151 3824 eine
169 3788 278 3840 genens
296 3773 502 3846 Vergleichnng
544 3774 739 3829 wohlweislioh
757 3775 1011 3844 verschwiegen.-
1031 3787 1061 3827 tn
1077 3782 1129 3827 tui-r

55 3873 64 3906 s
93 3873 146 3908 von
166 3855 181 3921 ξ
198 3858 231 3908 28
249 3857 337 3911 dieser
354 3858 431 3913 Reda
449 3860 502 3912 mit
542 3859 618 3908 rebus
636 3860 744 3924 imeqria
760 3858 855 3924 diacos]
882 3858 935 3911 mit
952 3858 1008 3912 fast
1024 3858 1129 3927 aprich·

59 3938 142 3992 Stella
169 3940 238 3993 wnd
267 3941 341 3995 diosc
367 3948 424 3995 erst
458 3945 501 3997 ins
543 3941 703 3996 wortlicher
721 3942 870 4012 Fiirbnng:
895 3962 934 3995 me
956 3945 1043 3995 mouit
1060 3946 1129 3995 calc·

55 4023 102 4076 cht
120 4024 329 4091 stellam-1090
337 4026 500 4092 Sempronia}
543 4028 617 4077 mana
644 4026 698 4092 (ich
725 4026 773 4079 bin
805 4029 892 4083 durch
910 4028 1035 4083 Schaden
1061 4029 1129 4097 king

55 4123 109 4159 sem
127 4124 180 4160 von
192 4106 220 4160 C.
230 4104 409 4175 Sempronius
419 4110 502 4165 Grac·
544 4112 718 4181 geworden):
737 4115 802 4163 rain
812 4130 840 4164 ra
849 4123 903 4176 trra,
922 4132 975 4165 noa
986 4114 1129 4179 itamopnc

55 4190 168 4255 rebenen
185 4191 302 4244 Geretae
328 4196 433 4246 mnsste
451 4195 501 4248 der
543 4197 666 4259 mercede,
682 4207 752 4262 potes
770 4198 874 4250 discere
909 4197 1061 4253 Manutius.

55 4272 136 4327 trlioh
155 4291 204 4328 vor
213 4274 267 4329 den
277 4273 500 4344 Konsnlwahlen,
578 4283 618 4333 11.
639 4282 671 4333 de
687 4283 749 4347 filio
768 4279 819 4348 ...]
845 4279 936 4335 Tullia
961 4283 1042 4338 hatte
1069 4284 1128 4337 sich

55 4371 74 4405 rr
91 4373 155 4410 man
177 4361 296 4423 suun,
322 4374 378 4413 wer
393 4360 501 4416 Konsnl
544 4364 614 4417 nach
640 4363 705 4417 dem
731 4363 805 4418 Todo
826 4365 902 4419 Pisos
928 4381 974 4419 am
999 4370 1024 4420 4.
1047 4368 1128 4435 April

55 4438 99 4505 de,
124 4441 169 4495 die
186 4442 255 4496 zwei
273 4442 500 4500 konsnlarisohen
543 4446 596 4501 mit
621 4447 721 4501 Furius
749 4448 889 4518 Crassipes
919 4450 1048 4504 verroht:
1074 4468 1135 4505 ann

55 4538 71 4573 u
96 4523 280 4592 bestimmen,
305 4525 396 4581 damit
419 4529 497 4585 nieht
540 4529 590 4587 der
608 4530 738 4588 wirklioh
755 4533 901 4607 arictgtsn
912 4533 1153 4603 Rsiratspriont
