2602 4890
10 190 39 261 a]
425 190 469 245 sd
486 190 552 245 fam.
568 188 591 255 Ι,
607 192 653 245 a..
1069 196 1127 260 185
1185 154 1188 161 γ

10 378 25 423 e
55 377 106 423 res
136 354 269 440 publica
308 356 454 423 consules
493 355 639 435 haberet,
670 356 723 423 sed
761 364 957 426 mercatores
999 362 1129 444 provin·

11 480 44 523 m
74 464 108 523 et
136 456 332 523 seditionum
363 475 471 521 servos
500 475 540 522 ac
568 456 741 535 ministros
770 458 845 523 iecit
875 459 1007 543 quidam
1038 482 1130 527 casus

10 564 19 623 t
49 578 156 624 meum
185 557 281 640 quasi
310 557 495 622 certaminis
526 576 626 622 causa
661 557 696 621 in
726 556 864 623 mediam
894 562 1130 627 contentionem

10 662 217 742 nsionemque
234 656 372 734 civilem;
390 676 456 739 quo
474 656 509 720 in
526 655 708 721 discrimine
725 677 799 722 cum
819 658 972 725 mirificus
989 669 1129 743 senatus,

10 759 121 824 dibilis
142 758 259 825 Italiae
281 757 394 838 totius,
414 757 590 841 singularis
613 757 756 823 omnium
778 758 937 825 bonorum
956 781 1130 827 consensus

10 881 26 926 e
48 859 168 926 tuendo
189 859 383 935 exstitisset,
411 879 476 924 non
494 857 610 938 dicam,
627 858 708 941 quid
726 858 879 925 acciderit
897 897 936 909 -
954 862 1129 927 multorum

10 961 78 1024 nim
98 965 131 1024 et
152 960 243 1024 varia
263 959 360 1042 culpa
379 994 434 1036 —‚
463 963 594 1023 tantum
615 958 721 1024 dicam
743 959 840 1038 brevi,
871 980 936 1025 non
966 961 1046 1026 mihi
1074 982 1129 1027 ex·

10 1081 66 1139 rm,
88 1059 145 1125 sed
166 1058 263 1124 duces
285 1058 431 1124 defuisse
475 1060 514 1135 ln
535 1080 608 1142 quo,
630 1064 667 1124 nt
687 1061 753 1124 iam
773 1059 818 1125 sit
838 1062 872 1124 in
892 1061 932 1126 iis
949 1061 1054 1146 culpa,
1073 1065 1128 1145 qui

10 1183 58 1227 aon
80 1159 303 1239 defenderunt,
334 1180 400 1225 non
423 1161 529 1226 minor
549 1165 599 1225 est
628 1160 733 1239 iniis,
762 1162 820 1243 qui
845 1161 1054 1245 reliquerunt,
1085 1168 1127 1241 et,

10 1261 142 1327 cusandi
164 1267 250 1340 sunt,
272 1260 374 1344 siqui
391 1263 641 1344 pertimuerunt,
659 1262 761 1344 magis
779 1263 878 1328 etiam
895 1262 1128 1346 reprehenden-

10 1418 13 1424 .
35 1364 93 1445 qni
114 1382 148 1428 se
170 1363 283 1426 timere
304 1360 518 1427 simularunt:
539 1361 621 1427 illud
638 1361 769 1445 quidem
783 1368 872 1428 certe
890 1369 1037 1430 nostrum
1052 1384 1127 1430 con·

10 1484 33 1526 n·
51 1463 120 1529 iure
143 1463 344 1529 laudandum
365 1468 434 1542 est,
457 1464 513 1546 qui
534 1484 623 1528 meos
645 1463 722 1528 civis
744 1469 818 1529 eta
847 1485 897 1530 me
923 1471 1128 1530 conservatos

10 1583 181 1629 eservare
202 1563 369 1646 cupientis,
400 1563 556 1646 spoliatos
586 1563 722 1628 ducibus
752 1564 849 1629 servis
879 1565 1012 1630 armatis
1042 1564 1127 1630 obici

10 1663 77 1727 erim
96 1663 320 1746 declararique
337 1663 516 1743 maluerim,
536 1662 725 1747 quantavis
743 1683 810 1728 esse
828 1666 984 1746 potuisset
1000 1667 1035 1729 in
1051 1686 1127 1732 oon-

10 1763 205 1842 .bonorum‚
236 1764 264 1828 si
284 1764 325 1830 iis
346 1784 406 1847 pro
428 1784 478 1829 me
499 1769 607 1828 stante
628 1784 775 1846 pugnare
796 1763 953 1845 licuisset,
975 1787 1048 1831 cum
1071 1766 1125 1831 ad-

10 1885 42 1929 m
64 1865 204 1930 excitare
225 1863 423 1948 potuissent;
446 1885 584 1947 quorum
607 1863 738 1948 quidem
756 1866 899 1931 animum
917 1872 954 1932 tu
971 1887 1036 1932 non
1054 1887 1125 1949 per-

10 1964 52 2029 sti
73 1964 188 2044 solum,
217 1985 292 2029 cum
322 1964 362 2030 de
383 1983 432 2029 me
453 1984 573 2047 ageres,
605 1965 661 2030 sed
687 1964 787 2031 etiam
808 1965 1005 2032 confirmasti
1025 1972 1125 2051 atque

10 2067 61 2130 sti.
103 2065 175 2142 Qua
200 2066 235 2129 in
265 2085 425 2131 causa-
445 2085 510 2130 non
541 2065 639 2131 modo
670 2086 735 2131 non
765 2066 909 2149 negabo,
940 2066 996 2131 sed
1026 2067 1125 2132 etiam
1135 2084 1168 2137 14

10 2186 44 2229 er
66 2170 99 2230 et
121 2165 296 2230 meminero
313 2172 346 2231 et
365 2165 561 2248 praedicabo
583 2165 723 2231 libenter
749 2203 789 2214 -
818 2186 895 2231 usus
926 2186 959 2231 es
991 2168 1124 2250 quibus-

16 2265 223 2331 nobilissimis
244 2264 424 2330 hominibus
447 2265 636 2331 fortioribus
658 2265 691 2329 in
713 2285 764 2329 me
784 2266 994 2348 restituendo,
1025 2288 1123 2351 quam

10 2372 48 2431 nt
69 2365 155 2432 idem
176 2369 208 2430 in
231 2364 386 2445 tenendo;
408 2386 475 2450 qua
496 2366 527 2429 in
552 2365 713 2431 sententia
733 2365 760 2429 si
778 2370 928 2431 constare
937 2366 1124 2446 voluissent,

29 2469 260 2534 auctoritatem
277 2466 373 2531 simul
389 2486 463 2531 cum
480 2465 585 2532 salute
602 2486 674 2532 mea
691 2473 952 2549 recuperassent:
971 2468 1123 2533 recreatis

24 2568 118 2633 bonis
140 2567 216 2632 viris
238 2565 406 2634 consulatu
426 2573 484 2632 tuo
514 2572 548 2631 et
569 2566 836 2632 constantissimis
865 2573 962 2649 atque
994 2568 1123 2651 optimis

10 2914 231 2985 rpraetoe'orram]
249 2915 312 2971 Piso
336 2917 394 2971 und
412 2917 496 2971 Gabi·
537 2936 610 2970 casua
627 2918 699 2972 wohl
716 2917 849 2987 gemeint,
875 2918 941 2972 eber
967 2917 1045 2972 nicht
1064 2917 1122 2971 ein-

13 3019 33 3054 s.
51 3015 104 3067 pro
120 2997 186 3051 Soet.
204 3001 252 3052 24:
264 3001 360 3067 foedare
372 3003 496 3068 jecerant
537 3000 655 3070 gestehn
672 3002 779 3055 wellen.
796 3029 830 3039 -
847 3019 904 3054 cam
920 3003 1044 3069 reinflant
1062 3041 1069 3053 .
1088 3041 1094 3054 .
1113 3042 1120 3054 .

10 3088 89 3137 duno
103 3084 182 3150 platta
195 3086 297 3150 polam,
314 3094 342 3135 at
359 3086 495 3152 oteopre
537 3084 677 3153 assasse]
704 3086 760 3154 vgl.
777 3085 821 3139 die
839 3084 1015 3152 pathetische
1033 3084 1118 3139 Sobil-

10 3186 13 3215 ι
37 3168 194 3233 acciperent,
223 3184 287 3234 quos
311 3170 361 3235 ipat
384 3172 495 3232 vellerum
537 3167 646 3238 derung
663 3185 715 3236 pro
732 3168 803 3222 Sest
820 3170 861 3222 32.
880 3194 908 3206 -
927 3167 1006 3236 brem]
1025 3184 1059 3221 zu
1077 3185 1121 3236 ep.

10 3270 53 3302 um
71 3261 94 3302 et
109 3252 242 3316 pecaniam
262 3262 388 3318 quantum
403 3255 496 3307 vellem
536 3253 579 3319 21,
595 3254 620 3305 4.
637 3279 671 3289 -
687 3269 740 3304 non
752 3253 1025 3318 pertemptarent
1032 3251 1118 3320 dacae]

10 3353 28 3399 ε,
45 3336 68 3384 si
84 3335 220 3400 ipatpriae
236 3336 337 3386 tritono
352 3338 432 3402 pletis
449 3338 494 3389 ad·
536 3333 618 3388 mehr
651 3334 701 3388 der
735 3333 882 3389 Wahrheit
915 3334 1122 3402 anteprechend

10 3440 14 3468 ι
31 3427 55 3470 et
72 3418 228 3469 maetam
240 3420 434 3484 rempublicam
442 3430 496 3472 tro·
536 3418 638 3472 drdckt
656 3434 688 3472 er
705 3418 764 3472 sich
781 3435 833 3487 pro
850 3418 919 3473 Soet.
929 3420 962 3472 43
980 3437 1040 3475 aus:
1060 3424 1122 3474 leaeo

10 3512 35 3553 nt
63 3499 110 3566 (an
136 3515 244 3554 inserer
260 3500 344 3555 Stella
370 3501 408 3555 ist
429 3503 494 3558 das:
536 3521 593 3556 enam
610 3503 729 3568 viderem,
746 3504 810 3570 qaid
822 3521 931 3570 operosa
944 3506 1055 3558 iudices?
1071 3508 1120 3558 seio

10 3603 67 3636 cam
80 3584 357 3652 amoenitates),-
370 3588 494 3640 a'daotem
536 3588 604 3639 enirn
621 3596 676 3638 tam
698 3604 751 3639 non
775 3589 839 3640 miti
864 3598 973 3640 vestram
998 3592 1121 3656 etodium,

22 3686 77 3720 aueo
95 3668 215 3731 camnine
231 3669 265 3720 ἰοί
277 3686 353 3735 pocae
370 3671 493 3724 dicebant.
536 3671 580 3723 sed
595 3688 680 3724 meam
693 3688 778 3739 prope
793 3680 873 3723 cestro
890 3674 1008 3736 defuisse.
1024 3702 1058 3711 —
1074 3676 1120 3740 qai

10 3752 31 3804 b.
51 3751 92 3804 53.
121 3776 142 3786 ·-
170 3752 200 3802 io
224 3753 336 3804 mediam
360 3756 493 3806 conantio
535 3753 706 3824 reliquerant]
733 3755 823 3809 demit
848 3755 887 3808 ist
912 3761 985 3811 trote
1008 3757 1055 3810 des
1073 3755 1120 3808 ab·

15 3835 34 3903 .]
53 3834 240 3888 Cdoarwollte
256 3834 344 3890 durch
362 3836 407 3891 die
424 3836 494 3890 Eut·
535 3836 665 3891 sichtlich
682 3839 831 3908 allgemeiu
857 3838 1023 3908 gehaltenen
1049 3842 1118 3893 Aus-

10 3936 36 3987 ig
54 3918 153 3971 cicens
181 3916 250 3983 (und
270 3918 364 3986 (letos)
382 3919 426 3975 die
443 3920 494 3974 Er·
535 3920 652 3975 druokes
678 3939 728 3976 vor
753 3923 826 3976 allen
853 3921 1000 3991 Pompejus
1035 3940 1119 3993 unge·

10 4001 142 4056 eschaltur
161 3999 208 4052 des
221 4000 320 4055 Jahres
331 4004 364 4056 59
383 4003 492 4058 sichern
535 4004 649 4072 deutet3
666 4022 688 4059 s.
705 4025 739 4060 au
756 4023 800 4075 ep.
819 4010 858 4070 10,
877 4007 901 4060 6.
919 4009 1049 4061 -seroie
1075 4027 1117 4060 or-

10 4087 46 4140 lie
66 4083 244 4137 Aritokratie
271 4086 492 4142 einschiichtern.
534 4085 621 4156 matis]
649 4106 669 4143 s.
697 4107 747 4158 pro
774 4090 843 4144 Sest.
870 4092 911 4143 34.
939 4120 969 4129 -
998 4109 1119 4160 pappare

10 4168 170 4222 :icercduch
181 4161 491 4239 uuvoraichtigellusse-
533 4170 653 4241 imma]
672 4173 734 4227 sehr
752 4172 950 4228 bezeichnend:
979 4175 1018 4228 als
1038 4192 1117 4230 wana

10 4269 27 4304 n
45 4252 89 4317 (zu
107 4267 141 4317 φ.
152 4253 192 4316 13,
204 4251 230 4317 ὅ)
249 4252 307 4306 und
324 4253 400 4307 aeine
419 4253 491 4309 Wei·
534 4254 578 4310 die
596 4256 795 4326 Btirgerschaft
821 4274 875 4311 nur
893 4258 942 4312 auf
966 4258 1015 4312 dae
1033 4259 1116 4314 Kom-

10 4352 34 4404 ς,
61 4334 321 4402 diehegatenstelle
343 4335 387 4390 bei
405 4337 491 4391 Otsar
533 4339 636 4394 mando
665 4344 802 4409 gewartet
834 4339 922 4408 hatte,
952 4358 1000 4395 um
1029 4343 1116 4396 loszu·

10 4417 109 4472 ehmen
122 4419 178 4485 (ep.
205 4419 228 4483 9,
255 4418 291 4483 ὅ),
316 4418 365 4473 das
388 4420 490 4476 Unheil
532 4421 672 4493 schlageu.

10 4500 191 4567 lbeschrorem
207 4502 258 4554 hat
275 4518 306 4555 er
322 4503 375 4557 mit
383 4507 490 4574 qnidam
567 4508 606 4560 14.
616 4504 1131 4577 comtemtestroiel‘nneraclittterlicld·.
