2602 4890
109 205 170 269 4I0
579 205 622 260 Ad
638 206 704 260 lam.
721 204 784 272 XII,
802 194 841 262 10.
1172 206 1199 276 [Ε

109 373 159 438 sin
180 372 260 456 quid
280 373 366 439 forte
387 373 580 455 titubatum,
602 380 640 441 ut
664 375 702 440 fit
718 376 753 439 in
771 371 867 452 bello,
885 374 1031 439 exercitu
1048 377 1107 439 tna
1125 375 1200 438 niter

110 491 206 556 quem
235 473 366 556 quidem
395 493 456 556 ego
486 475 662 540 exercitum
693 474 952 559 quibuscumque
978 482 1117 558 potuero
1143 474 1200 542 reu

110 573 213 653 nab03
244 573 334 638 cuius
363 574 411 638 rei
441 580 512 639 tum
535 581 663 659 tempus
685 575 756 656 erit,
788 594 871 654 cum,
901 573 982 658 quid
1009 574 1082 658 opis
1102 576 1148 639 rei
1167 595 1200 658 pu

109 674 238 739 laturus
260 673 288 738 is
309 675 470 740 exercitus
500 675 545 740 sit
574 682 633 740 aut
654 675 732 759 quid
762 675 828 740 iam
850 674 973 755 tulerit,
1004 681 1121 739 notum
1147 695 1200 740 esse

110 774 213 858 perit3
235 794 311 839 nam
334 774 440 840 adhuc
462 779 592 840 tantum
610 780 744 841 conatus
766 774 954 854 audiuntur,
978 774 1094 857 optimi
1114 775 1162 839 illi
1181 796 1199 858 q

111 879 143 939 et
164 874 422 959 praeclarissimi,
446 875 502 941 sed
524 880 617 958 gesta
646 896 698 940 res
724 880 941 959 exspectatur,
973 896 1072 959 quam
1105 875 1200 959 quide

70 988 86 1039 3
111 976 175 1039 iam
198 995 265 1040 esse
287 975 431 1059 aliquam
462 980 521 1040 aut
550 975 815 1059 appropinquare
837 973 974 1040 confido.
1017 974 1089 1041 Tua
1110 976 1200 1039 virtut

111 1074 280 1159 gnitudine
312 1077 410 1140 animi
441 1076 522 1140 nihil
553 1080 602 1140 est
624 1073 784 1155 nobilius;
810 1075 922 1158 itaque
952 1078 1124 1157 optamus,
1153 1082 1187 1139 ut

112 1176 250 1260 primum
273 1180 304 1240 te
325 1176 359 1240 in
381 1174 481 1242 Italia
501 1175 687 1242 videamus:
717 1196 787 1241 rem
809 1174 976 1259 publicam
1005 1196 1065 1240 nos
1092 1175 1200 1240 habere

113 1274 285 1355 trahimur,
307 1276 334 1340 si
356 1297 412 1342 vos
434 1275 639 1342 habebimus.

195 1376 364 1441 Praeclare
393 1378 590 1457 viceramus,
617 1377 679 1442 nisi
709 1374 902 1459 spoliatum,
935 1375 1110 1456 inermem,
1140 1377 1200 1458 fugi

113 1476 252 1560 Lepidus
273 1476 442 1559 recepisset
464 1476 658 1556 Antonium3
689 1477 801 1559 itaque
822 1495 1000 1558 numquam
1031 1481 1128 1543 tanto
1150 1474 1200 1542 cdi·

114 1579 175 1643 tati
198 1578 355 1642 Antonius
378 1578 451 1658 fuit,
483 1583 607 1662 quanto
629 1582 677 1643 est
700 1576 859 1660 Lepidus3
890 1574 944 1640 ille
963 1576 1048 1641 enim
1071 1597 1112 1642 ex
1133 1577 1200 1641 turb

114 1698 149 1743 re
170 1677 309 1761 publica,
332 1677 385 1743 hic
406 1699 445 1742 ex
466 1699 545 1762 pace
568 1683 601 1743 et
622 1676 760 1742 victoria
778 1675 900 1741 bellum
918 1676 1084 1742 excitavit.
1116 1676 1194 1741 Huic

115 1779 194 1844 sitos
225 1779 369 1845 consules
400 1778 585 1862 designatos
615 1778 789 1858 habemus,
821 1778 854 1840 in
885 1776 1005 1861 quibus
1036 1785 1085 1843 est
1116 1799 1200 1859 magn

116 1880 244 1964 quidem
267 1899 349 1963 spes,
370 1880 427 1944 sed
450 1898 566 1963 anceps
589 1900 667 1944 cura
684 1884 818 1962 propter
835 1877 976 1943 incertos
992 1879 1100 1943 exitus
1116 1879 1200 1962 prael

75 1982 91 2033 4
201 1979 362 2046 Persuade
384 1979 447 2053 tibi
468 1980 578 2062 igitur,
601 1979 634 2044 in
656 1984 689 2044 te
711 1986 744 2043 et
770 1978 805 2041 in
828 1978 931 2044 Bruto
954 1984 1012 2043 tuo
1034 1998 1104 2045 esse
1125 1978 1200 2045 omni

117 2081 315 2165 exspectari,
346 2081 485 2145 Brutum
519 2079 649 2164 quidem
679 2079 743 2144 iam
774 2080 911 2163 iamque.
964 2079 1059 2156 Quod
1090 2080 1131 2158 si,
1159 2085 1192 2143 ut

118 2368 221 2434 heiten,
254 2370 389 2425 zuniichst
424 2371 473 2425 der
499 2370 584 2438 Krieg
609 2386 700 2438 gagen
742 2368 789 2424 des
818 2368 996 2423 Irrealsatzes
1023 2369 1094 2422 noch
1121 2368 1199 2422 daran

119 2453 267 2508 Antonius.
286 2482 316 2491 -
334 2453 441 2521 amado]
460 2454 569 2508 Cassius
579 2453 701 2506 schreibt
741 2455 792 2510 der
817 2453 1022 2507 Indiketiveatz
1048 2453 1148 2506 voraul
1169 2464 1198 2518 ge

120 2535 172 2589 den
190 2538 214 2590 5.
242 2537 299 2590 Mai
326 2537 401 2601 (lam.
427 2537 489 2604 XII,
517 2539 556 2604 12,
573 2539 589 2589 2
607 2535 636 2603 f.)
663 2554 699 2589 an
742 2539 791 2592 der
826 2537 1067 2607 Bedingungssatz
1102 2533 1200 2591 sinschr

120 2619 228 2673 Cicero:
246 2641 263 2673 a
281 2631 303 2674 te
318 2633 384 2689 peto,
403 2632 432 2674 at
449 2623 599 2688 dignitatem
616 2639 700 2672 mecm
742 2622 895 2690 nnchfolgt.
918 2649 952 2658 -
978 2624 1093 2673 ommia
1117 2621 1200 2685 daea

120 2707 321 2757 commendatam
338 2708 383 2757 tibi
398 2707 539 2770 tedmari
563 2722 602 2757 me
627 2705 700 2756 intel·
742 2705 846 2759 Brutus
864 2705 922 2758 und
939 2704 1066 2758 Plancus.
1104 2699 1200 2756 DassO

121 2791 180 2855 lepis
201 2792 305 2841 nullam
337 2807 416 2857 neque
442 2789 591 2855 periculam
620 2805 700 2855 nepem
743 2787 907 2842 absichtlich
938 2787 1017 2840 nicht
1042 2791 1166 2856 genennt
1188 2784 1200 2834 it

121 2873 232 2924 laborem
244 2876 351 2940 patriae
371 2874 523 2940 aenaeam
542 2890 657 2940 ...qaae
674 2873 702 2923 ab
745 2873 830 2926 achon
855 2871 1009 2925 Manutius.
1043 2869 1101 2923 Far
1125 2868 1170 2922 dea
1192 2866 1199 2917 l

122 2973 162 3008 ree
178 2958 270 3009 militer
287 2967 365 3024 tuere,
390 2958 412 3007 ei
438 2974 478 3008 ece
493 2959 600 3024 mirifice
626 2957 657 3008 de
674 2974 703 3008 re
745 2957 816 3011 Jahr
841 2972 900 3010 war
925 2956 974 3009 das
1003 2952 1142 3007 Xonsulet
1165 2950 1200 3003 du}

120 3042 225 3106 mellica
251 3043 350 3093 meriton
384 3058 434 3093 eree
464 3041 657 3102 animadvertis,
680 3049 704 3092 et
745 3039 804 3094 Tod
822 3040 870 3093 des
887 3039 978 3092 Pansa
997 3039 1055 3091 und
1074 3037 1177 3091 Hirtius
1197 3053 1200 3082 ι

122 3126 203 3191 effice,
221 3143 253 3177 ne
269 3142 342 3192 qreem
357 3125 488 3190 paeniteat
503 3124 704 3190 rempublicam
746 3124 803 3178 und
830 3123 873 3176 die
899 3122 1076 3175 stiidtischen
1094 3114 1200 3173 Geech'il

123 3224 200 3274 quam
218 3226 287 3275 apem
304 3208 418 3274 praedae
444 3216 467 3259 et
492 3208 651 3272 rapinamm
668 3224 703 3258 ee
746 3209 800 3261 den
826 3206 914 3259 durch
942 3205 996 3258 den
1016 3204 1119 3258 Priitor
1135 3198 1200 3255 lte

123 3294 167 3357 qai
184 3294 355 3344 meletiana-
371 3293 439 3343 nihil
456 3301 490 3343 ert
507 3288 625 3356 nobilita]
636 3289 703 3342 iiber
746 3291 868 3359 besorgt,
885 3290 929 3342 bis
947 3288 1086 3342 Octavian
1104 3286 1158 3340 und
1174 3282 1198 3349 Q.

125 3373 173 3426 das
191 3374 329 3428 Neutrum
347 3393 380 3427 zu
400 3390 442 3441 ep.
461 3376 485 3437 9,
502 3376 526 3426 4.
745 3373 784 3426 im
802 3375 913 3440 August
931 3391 964 3425 zu
977 3371 1104 3424 Konsuln
1119 3383 1200 3424 ernam

158 3460 181 3510 3.
198 3461 291 3510 virere
317 3461 495 3526 maqnitueline
515 3455 608 3524 animi]
635 3455 704 3509 iiber
746 3456 883 3510 demnll.
895 3459 1076 3522 51.-mapna
1084 3451 1200 3521 illaquide

125 3542 173 3594 das
191 3542 354 3610 Asyndeton
372 3561 404 3595 zu
423 3559 466 3610 ep.
483 3544 507 3607 5,
533 3544 556 3595 8.
582 3569 615 3577 -
642 3541 703 3592 vice·
747 3542 796 3595 das
810 3558 861 3593 uns
875 3535 1200 3607 pleonastischerscheim

125 3626 224 3691 rantur]
243 3625 293 3678 wis
311 3626 348 3679 ad
374 3626 452 3679 Brut.
468 3626 489 3691 I,
506 3627 547 3687 25,
572 3625 618 3676 12:
643 3624 704 3689 pal·
747 3642 790 3693 ep.
810 3628 866 3690 117,
887 3628 909 3675 l.

125 3714 249 3765 aereae
266 3713 417 3774 viceramus,
437 3712 488 3761 uiri
507 3710 621 3776 Lepidm
644 3724 704 3773 per-
780 3713 805 3762 4.
824 3711 955 3760 Brutum.
970 3699 1200 3773 ..iamiamqnelw

125 3799 184 3850 dere
209 3798 295 3848 onznia
321 3805 344 3847 et
372 3798 458 3861 perire
490 3796 543 3861 ipae
569 3810 627 3844 cam
652 3792 705 3842 saie
748 3794 822 3847 selba
839 3793 868 3845 in
888 3791 1038 3860 Apollonia
1048 3789 1139 3853 stand,
1154 3786 1198 3839 alec

125 3882 316 3948 concupivisset:
355 3880 401 3932 die
426 3879 525 3931 irreale
556 3873 705 3942 Handlung
747 3878 836 3931 niher
852 3893 910 3929 war
927 3876 967 3928 als
985 3873 1096 3927 Cassius
1104 3872 1131 3924 in
1141 3869 1200 3922 Asia

126 3965 195 4017 wird
213 3966 253 4017 als
271 3964 396 4017 wirklich
408 3961 537 4031 gedacht,
554 3959 616 4012 weil
628 3957 706 4010 nicht
748 3961 851 4013 Brutus
870 3961 907 4012 ist
931 3959 977 4011 die
1004 3974 1093 4025 ganze
1114 3954 1145 4007 X.
1169 3948 1200 4004 Pl:

126 4049 179 4101 viel
189 4048 281 4107 fehlte,
301 4048 363 4100 dass
382 4047 420 4099 sie
438 4046 609 4109 singetreten
622 4044 706 4107 wire3
751 4045 940 4106 nachzulesen,
958 4040 1110 4093 besonders
1137 4037 1200 4091 cicer*

126 4132 187 4186 eine
204 4131 454 4195 Ansdrucksweiae,
471 4129 515 4181 die
542 4125 636 4195 hiiufig
662 4125 707 4177 bei
748 4132 813 4194 trag
831 4125 847 4193 ξ
864 4127 898 4179 25
914 4126 934 4178 f.
948 4123 1016 4177 Was
1026 4123 1121 4177 Cicero
1137 4117 1200 4174 aucit

128 4215 222 4268 Livius
251 4215 307 4267 und
332 4214 444 4267 Tacitus
471 4213 526 4263 ist:
561 4210 602 4263 oft
630 4208 707 4261 steht
749 4216 795 4264 tus
814 4209 900 4263 selbst
919 4208 1099 4275 ausspricht:
1128 4218 1149 4259 te
1164 4206 1185 4255 ia

128 4297 198 4352 auch
212 4316 297 4364 paene
313 4296 394 4350 dabei
411 4297 462 4350 wie
486 4292 707 4359 Liv.11,10,2:
748 4295 863 4346 celeriter
879 4310 929 4345 eece
946 4302 1086 4344 ventarum
1111 4291 1131 4356 l,
1155 4289 1185 4349 12,

124 4400 191 4450 pone
207 4382 326 4433 sublicium
341 4383 390 4433 iter
402 4399 488 4448 paene
505 4379 616 4432 mathee
630 4379 706 4442 dedit,
751 4378 790 4442 14,
807 4378 831 4442 2,
849 4392 906 4428 war
924 4375 986 4428 eine
1011 4373 1177 4439 Tiiuschnng.

125 4468 157 4506 m·
178 4482 247 4517 anae
274 4466 314 4516 eir
332 4465 436 4531 scierat,
461 4464 589 4515 Horatiae
608 4461 708 4522 θυσίας
750 4459 867 4513 welcher
895 4458 953 4512 sich
991 4457 1072 4512 nicht
1099 4452 1200 4527 getnull

205 4552 273 4607 'cero
282 4549 459 4608 beschriinkt
468 4547 530 4603 sich
537 4546 616 4602 diere
629 4543 720 4598 Xcrm
753 4541 843 4605 usar,
863 4540 1054 4608 miserenteils
1070 4541 1125 4595 alte
1139 4531 1200 4591 coll·
