2602 4890
165 214 228 277 252
649 213 693 283 sd
711 215 772 269 Aet.
789 213 850 283 vn,
868 217 891 268 1.
929 266 933 273 ,
1216 178 1219 183 ’
1257 214 1297 287 [u

165 379 218 459 do,
236 383 275 445 ut
292 378 333 444 de
351 400 388 445 eo
406 378 541 463 cogites:
560 379 642 445 illud
660 401 766 446 meum
784 381 952 465 proprium
970 381 1151 467 πρόβλημα,
1170 400 1297 465 quaeso.

166 480 245 563 cipe.
289 479 436 559 Videsne,
467 485 505 544 ut
526 486 559 546 te
580 487 713 547 auctore
734 483 794 548 sim
816 488 993 567 utrumque
1015 482 1228 565 complexus?
1259 503 1297 548 ac

166 581 230 644 lem
252 600 273 644 a
292 580 449 664 principio
471 587 504 646 te
527 580 687 646 audissem
709 583 899 649 amicissime
921 588 1123 662 monentem

334 719 403 782 ἀλλ’
424 716 501 799 ἐμὸν
523 713 641 783 oiinote
661 716 774 800 θυμὸν
795 723 842 784 ἐνὶ
863 716 1042 795 στήθεσσιν
1064 716 1204 795 ἔπαθες,

334 816 379 894 ὥς
401 818 494 881 οὐδὲν
515 817 645 902 γλύκιον
666 810 704 897 ἧς
726 820 891 902 πατρίδος.

167 950 227 1016 Sed
254 949 429 1034 aliquando
450 957 559 1015 tamen
581 951 784 1032 persuasisti,
817 957 854 1016 ut
877 950 1016 1016 alterum
1039 949 1277 1033 complecterer,

167 1051 206 1114 de
236 1070 292 1113 me·
307 1054 378 1113 erat
401 1049 519 1131 optime
541 1051 684 1130 merituS,
717 1050 866 1129 alterum,
898 1051 976 1133 quia
997 1054 1126 1115 tantum
1149 1049 1298 1115 valebat:

167 1150 279 1233 igitur,
312 1150 422 1233 itaque
453 1150 546 1214 effeci
568 1151 656 1215 omni
679 1150 843 1235 obsequio,
866 1158 904 1218 ut
925 1153 1032 1217 neutri
1053 1142 1193 1216 illorum'
1206 1152 1297 1236 quisq

123 1268 143 1320 a
169 1256 251 1315 esset
273 1271 323 1314 me
343 1251 468 1330 carior,
491 1251 571 1315 haec
588 1251 673 1315 enim
691 1251 927 1333 cogitabamus,
949 1271 1007 1317 nec
1025 1250 1104 1315 mihi
1122 1253 1292 1317 coniuncto

168 1349 321 1434 Pompeio
348 1350 419 1415 fore
445 1353 776 1435 neoessepeccarein
798 1350 988 1436 republica
1011 1351 1198 1436 aliquando,
1230 1373 1288 1417 nec

168 1451 305 1517 Caesare
323 1453 473 1517 sentienti
491 1452 698 1537 pugnandum
722 1473 789 1519 esse
811 1474 885 1518 cum
907 1451 1077 1536 Pompeio:
1101 1458 1196 1519 tanta
1218 1460 1288 1518 erat

167 1573 239 1615 rum
262 1552 453 1620 coniunctio.
484 1553 577 1619 Nunc
598 1553 771 1637 impendet,
799 1560 836 1618 ut
858 1559 891 1617 et
912 1558 949 1617 tu
972 1552 1116 1619 ostendis
1138 1559 1171 1619 et
1193 1574 1254 1636 ego
1275 1575 1297 1617 v:

168 1673 294 1716 summa
323 1654 408 1719 inter
438 1676 493 1720 eos
523 1657 697 1721 contentio.
741 1654 792 1718 Me
816 1660 924 1719 autem
946 1660 1083 1737 uterque
1104 1659 1257 1718 numerat
1277 1674 1297 1718 si

167 1752 229 1816 nisi
252 1752 336 1819 forte
358 1756 489 1821 simulat
507 1758 590 1822 alter
606 1793 649 1806 —-
665 1777 741 1821 nam
759 1755 932 1838 Pompeius
950 1775 1014 1820 non
1032 1753 1180 1820 dubitat:
1207 1775 1280 1818 vere
1295 1785 1297 1809 ι

167 1852 290 1919 iudicat
320 1877 376 1937 ea,
410 1879 493 1940 quae
524 1858 563 1922 de
593 1856 781 1940 republica
811 1877 896 1921 nunc
918 1856 1055 1934 sentiat,
1086 1854 1166 1919 mihi
1187 1854 1284 1921 valde

168 1951 240 2018 bari
254 1975 309 2036 -3
326 1957 495 2041 utriusque
514 1964 622 2023 autem
640 1957 747 2041 accepi
765 1958 834 2022 eius
850 1956 938 2022 modi
957 1957 1084 2021 litteras
1099 1957 1211 2021 eodem
1229 1962 1297 2038 temj

168 2076 233 2137 quo
262 2063 346 2136 tuas,
375 2063 415 2122 ut
439 2066 553 2125 neuter
575 2079 771 2142 quemquam
794 2058 937 2122 omnium
959 2057 1060 2141 pluris
1083 2057 1188 2121 facere
1211 2077 1297 2140 quan

121 2166 143 2218 4
168 2155 340 2222 videretur.
382 2158 501 2223 Verum
523 2160 601 2243 quid
619 2160 740 2242 agam?
762 2181 826 2224 non
845 2181 967 2243 quaero
985 2159 1042 2223 illa
1059 2157 1236 2222 ultima-
1253 2157 1297 2220 si=

168 2257 282 2320 castris
304 2279 353 2321 res
375 2266 513 2340 geretur,
535 2259 626 2326 video
649 2280 720 2324 cum
744 2260 846 2325 altero
868 2259 952 2323 vinci
974 2258 1076 2324 setius
1095 2279 1278 2342 essequam

168 2357 273 2422 altero
295 2359 419 2423 vincere
438 2396 489 2438 -,
512 2359 568 2424 sed
585 2358 651 2437 illa,
673 2381 756 2443 quae
774 2367 844 2423 tum
863 2363 1012 2442 agentur,
1035 2379 1106 2423 cum
1124 2379 1252 2437 venero,
1270 2378 1297 2421 ne

168 2679 375 2748 meinetwegen'
388 2680 467 2748 giebt
482 2681 544 2734 dem
556 2680 752 2749 Angeredeten
793 2678 940 2747 folgenden
960 2696 981 2732 s.
1000 2678 1057 2732 ΔΕ.
1075 2680 1115 2744 30,
1127 2679 1210 2734 Anm.
1229 2696 1254 2732 u
1269 2676 1297 2729 Su

167 2762 255 2830 gleich
275 2763 312 2814 im
330 2780 430 2816 vorsus
449 2768 534 2818 etwas
564 2783 614 2829 zu,
640 2764 680 2817 oft
707 2764 752 2817 bei
794 2764 869 2817 Caes.
886 2764 934 2816 26:
962 2763 1038 2813 Inter
1063 2779 1138 2828 qnae,
1165 2772 1297 2813 consterna

167 2846 220 2899 den
229 2845 542 2902 Komikern:Meissner
551 2868 584 2901 zu
593 2848 655 2901 Ter.
666 2847 752 2902 Andr.
798 2847 882 2899 Clodii
899 2847 978 2897 caede
1003 2862 1033 2896 re
1052 2846 1169 2911 publico,
1196 2863 1253 2896 enm
1273 2862 1297 2895 ee

167 2933 224 2984 310.
259 2930 315 2983 Der
332 2929 489 2998 Gegensatz
506 2931 576 3002 folgt
604 2934 657 2986 mit
685 2934 752 2983 illud
793 2948 875 2981 unum
893 2930 1021 2980 consulem
1038 2930 1238 2994 nominatimque
1248 2928 1290 2979 On.

168 3031 251 3064 eneam
265 3017 408 3079 proprium.
429 3044 457 3053 —
485 3014 630 3084 utrumqne]
657 3019 753 3069 natiir·
788 3017 878 3080 petum
889 3013 953 3079 fleri
969 3013 1113 3077 commiscet,
1132 3013 1182 3078 eqir
1200 3029 1257 3062 cnm
1268 3012 1297 3061 tri

168 3097 223 3150 lich
242 3097 389 3166 Pompejus
407 3098 465 3151 und
482 3098 574 3152 Ciisnr.
592 3129 624 3138 -
643 3118 660 3149 n
678 3102 752 3165 prin·
791 3098 872 3163 pletis
881 3096 1003 3163 collegam
1011 3112 1039 3146 se
1047 3095 1167 3160 Pompeio
1180 3095 1297 3146 destinor

170 3179 245 3247 cipio]
280 3182 364 3235 sehon
399 3199 449 3236 vor
484 3182 546 3235 dem
581 3181 664 3250 Exil;
700 3183 752 3236 wie
793 3181 822 3232 iol
837 3182 923 3246 potine
941 3179 977 3230 ad
988 3180 1116 3248 populum
1135 3180 1250 3245 ferrent,
1281 3195 1297 3227 n

169 3263 275 3317 schwer
305 3283 333 3318 es
364 3265 423 3318 ihm
454 3266 524 3318 auch
554 3269 651 3334 sp'dter
681 3266 751 3320 noch
793 3266 859 3316 tenti
875 3264 931 3331 siti,
948 3262 1103 3329 quandoque
1113 3264 1217 3328 imperii
1230 3272 1297 3327 temo

168 3347 272 3412 werde,
290 3348 347 3402 sich
369 3366 405 3402 nu
424 3350 507 3402 Clitar
525 3349 752 3417 anzuschliessen,
790 3349 860 3413 pleri
877 3347 1100 3412 coepittetpelt'lt'o
1113 3346 1297 3397 secundicortt

170 3431 208 3482 ist
230 3449 262 3483 zu
281 3448 323 3498 ep.
341 3435 373 3486 25
392 3435 508 3501 gezeigt.
535 3461 568 3471 -
594 3431 656 3488 ἀλλ’
686 3431 752 3498 ἐμὸν
794 3431 911 3494 caretur,
928 3446 961 3480 ne
984 3446 1015 3480 eo
1032 3446 1114 3480 cauea
1139 3432 1268 3482 maturius
1293 3450 1297 3479 ι

170 3511 236 3582 ..]
256 3513 352 3569 Worte
370 3517 416 3570 des
427 3515 562 3585 Odysseus
573 3516 668 3585 Odyse.
679 3539 696 3583 ι,
705 3518 750 3582 33;
789 3516 903 3580 perfeeto
929 3514 1017 3565 colline
1051 3513 1113 3564 bello
1139 3513 1278 3565 decederet.

169 3596 255 3650 Sinu:
273 3600 378 3652 melnen
397 3599 498 3653 Pflicht
515 3601 555 3655 als
573 3599 751 3654 Patriotund
792 3597 917 3651 nachher
938 3614 980 3665 ep.
1008 3599 1042 3653 67
1059 3599 1082 3650 3.
1102 3624 1133 3634 -
1150 3596 1222 3649 DIO'
1237 3596 1297 3648 lt:

169 3682 548 3750 Optimatwollteichnicht
565 3689 668 3738 untreu
685 3699 753 3737 wer·
794 3678 849 3748 LI]
868 3698 897 3735 so
915 3680 985 3734 wird
1011 3680 1056 3734 die
1072 3679 1163 3748 Frage
1182 3698 1220 3735 an
1248 3679 1297 3733 mir

169 3766 240 3834 den3
266 3766 321 3834 vgl.
347 3783 390 3835 ep.
417 3768 464 3832 36,
493 3770 539 3821 10:
567 3777 591 3819 et
613 3786 669 3818 cnm
696 3768 753 3833 ipsa
796 3764 881 3818 Senot
903 3765 1014 3819 lauten:
1041 3766 1097 3832 vgl.
1117 3781 1151 3817 zu
1171 3780 1216 3832 ep.
1235 3767 1259 3826 2.
1276 3766 1297 3817 9.

169 3852 246 3915 qnasi
262 3852 412 3915 republica
438 3851 575 3902 collocutus
601 3869 656 3902 snm
683 3870 708 3904 u.
727 3851 753 3904 d.
796 3848 1062 3916 parlamentarische
1090 3847 1230 3917 Ordnung
1255 3847 1297 3916 (llll

170 3932 249 4001 Folg.
796 3949 843 3985 sen
861 3930 892 3984 R.
903 3929 942 3984 st.
953 3930 999 3997 ΙΙΙ,
1009 3930 1170 3999 951-1003)
1182 3932 1221 3985 im
1231 3930 1297 3985 Sena

203 4020 226 4070 3.
244 4019 308 4068 niti
325 4018 400 4069 valde
415 4018 531 4088 protare]
548 4021 610 4089 Vgl.
626 4020 693 4073 iiber
708 4020 754 4074 die
798 4015 848 4069 der
866 4015 1046 4083 Hauptsache
1064 4014 1137 4067 nach
1163 4015 1250 4071 disse.
1283 4019 1294 4067 l

169 4100 326 4155 letzteZeit
344 4092 595 4172 diedusserungen
612 4120 649 4155 an
663 4102 753 4156 C‘elius
796 4100 963 4155 sinleitende
980 4098 1101 4167 Vortreg
1119 4099 1167 4152 des
1186 4100 1297 4154 vorsitze

168 4201 214 4250 ep.
230 4186 272 4248 47,
290 4187 314 4238 2.
797 4184 946 4239 Beamtsn:
963 4184 1066 4235 relatio:
1084 4185 1186 4249 referre
1204 4184 1240 4235 aa
1256 4201 1297 4234 een

203 4269 227 4320 4.
246 4285 303 4318 cnm
321 4269 401 4320 altero
418 4268 496 4339 oinct]
519 4269 572 4323 mit
589 4269 754 4339 Pompejus3
797 4270 929 4320 consulere
946 4277 1082 4329 senatum
1104 4266 1164 4321 dies
1181 4266 1297 4336 gotthici

169 4352 225 4420 vgl.
243 4352 301 4405 ΑΕ.
319 4355 352 4406 33
369 4358 451 4407 Anm.
468 4356 485 4407 2
503 4373 529 4408 u.
555 4372 599 4422 ep.
621 4356 662 4419 36,
680 4356 703 4407 6.
723 4383 752 4394 -
791 4355 869 4421 finite
886 4353 918 4404 de
944 4369 973 4403 re
991 4352 1100 4418 publico
1120 4352 1189 4407 oder
1216 4354 1248 4405 de
1272 4354 1297 4403 ni

171 4436 225 4502 illa,
242 4454 309 4503 qnae
326 4447 379 4489 tum
397 4436 519 4507 aqentnr]
543 4438 587 4492 die
605 4437 754 4506 Debatten,
796 4437 872 4488 retur
884 4437 960 4502 finite
977 4435 1035 4489 und
1052 4435 1183 4491 schliesst
1199 4438 1297 4493 einen*

157 4520 207 4577 die
228 4523 305 4578 denn
333 4520 506 4579 stettlinden
530 4522 653 4579 werden.
685 4520 759 4577 Zum
797 4521 892 4577 lichen
901 4520 1096 4591 tutrsgnioht
1112 4522 1297 4579 intueamini
