<?xml version="1.0" encoding="UTF-8"?>
<!DOCTYPE html PUBLIC "-//W3C//DTD XHTML 1.0 Transitional//EN"
    "http://www.w3.org/TR/xhtml1/DTD/xhtml1-transitional.dtd">
<html xmlns="http://www.w3.org/1999/xhtml" xml:lang="en" lang="en">
 <head>
  <title>
</title>
<meta http-equiv="Content-Type" content="text/html;charset=utf-8" />
  <meta name='ocr-system' content='tesseract 3.04.00' />
  <meta name='ocr-capabilities' content='ocr_page ocr_carea ocr_par ocr_line ocrx_word'/>
</head>
<body>
  <div class='ocr_page' id='page_1' title='image "./epistulaeselect00boecgoog_0118.png"; bbox 0 0 2602 4890; ppageno 0'>
   <div class='ocr_carea' id='block_1_1' title="bbox 442 182 677 250">
    <p class='ocr_par' dir='ltr' id='par_1_1' title="bbox 442 182 677 250">
     <span class='ocr_line' id='line_1_1' title="bbox 442 182 677 250; baseline 0 -13"><span class='ocrx_word' id='word_1_1' title='bbox 442 182 677 250; x_wconf 70' lang='lat' dir='ltr'><strong>mmmm</strong></span> 
     </span>
    </p>
   </div>
   <div class='ocr_carea' id='block_1_2' title="bbox 366 429 750 515">
    <p class='ocr_par' dir='ltr' id='par_1_2' title="bbox 366 429 750 515">
     <span class='ocr_line' id='line_1_2' title="bbox 366 429 750 515; baseline 0 -20"><span class='ocrx_word' id='word_1_2' title='bbox 366 429 750 515; x_wconf 68' lang='lat' dir='ltr'><strong>mmmmm</strong></span> 
     </span>
    </p>
   </div>
   <div class='ocr_carea' id='block_1_3' title="bbox 211 597 911 797">
    <p class='ocr_par' dir='ltr' id='par_1_3' title="bbox 211 597 911 797">
     <span class='ocr_line' id='line_1_3' title="bbox 211 597 911 667; baseline -0.003 -13"><span class='ocrx_word' id='word_1_3' title='bbox 211 602 266 654; x_wconf 78' lang='lat' dir='ltr'><strong>Scr.</strong></span> <span class='ocrx_word' id='word_1_4' title='bbox 285 598 388 652; x_wconf 88' lang='lat' dir='ltr'><strong>Romae</strong></span> <span class='ocrx_word' id='word_1_5' title='bbox 406 614 500 652; x_wconf 89' lang='lat' dir='ltr'><strong>mense</strong></span> <span class='ocrx_word' id='word_1_6' title='bbox 519 597 616 652; x_wconf 80' lang='lat' dir='ltr'><strong>Sextili</strong></span> <span class='ocrx_word' id='word_1_7' title='bbox 634 601 667 652; x_wconf 83' lang='lat' dir='ltr'><strong>A.</strong></span> <span class='ocrx_word' id='word_1_8' title='bbox 684 598 718 652; x_wconf 89' lang='lat' dir='ltr'><strong>U.</strong></span> <span class='ocrx_word' id='word_1_9' title='bbox 736 600 763 652; x_wconf 85' lang='lat' dir='ltr'><strong>G.</strong></span> <span class='ocrx_word' id='word_1_10' title='bbox 782 601 831 654; x_wconf 88' lang='grc'><strong>695</strong></span> <span class='ocrx_word' id='word_1_11' title='bbox 849 598 911 667; x_wconf 86' lang='grc'>(59).</span> 
     </span>
     <span class='ocr_line' id='line_1_4' title="bbox 340 729 778 797; baseline 0.002 -1"><span class='ocrx_word' id='word_1_12' title='bbox 340 730 495 797; x_wconf 84' lang='lat' dir='ltr'>CICERO</span> <span class='ocrx_word' id='word_1_13' title='bbox 517 730 671 797; x_wconf 80' lang='lat' dir='ltr'>ATTICO</span> <span class='ocrx_word' id='word_1_14' title='bbox 694 729 778 797; x_wconf 80' lang='lat' dir='ltr'><strong>SAL.</strong></span> 
     </span>
    </p>
   </div>
   <div class='ocr_carea' id='block_1_4' title="bbox 55 897 1203 2482">
    <p class='ocr_par' dir='ltr' id='par_1_4' title="bbox 55 897 1203 2482">
     <span class='ocr_line' id='line_1_5' title="bbox 55 897 1201 982; baseline 0.003 -21"><span class='ocrx_word' id='word_1_15' title='bbox 55 899 225 980; x_wconf 88' lang='lat' dir='ltr'><strong>lumquam</strong></span> <span class='ocrx_word' id='word_1_16' title='bbox 257 904 332 962; x_wconf 88' lang='lat' dir='ltr'><strong>ante</strong></span> <span class='ocrx_word' id='word_1_17' title='bbox 363 897 503 963; x_wconf 74' lang='lat' dir='ltr'><strong>arbitror</strong></span> <span class='ocrx_word' id='word_1_18' title='bbox 534 904 567 963; x_wconf 90' lang='lat' dir='ltr'><strong>te</strong></span> <span class='ocrx_word' id='word_1_19' title='bbox 606 898 777 982; x_wconf 81' lang='lat' dir='ltr'><strong>epistulam</strong></span> <span class='ocrx_word' id='word_1_20' title='bbox 808 918 911 962; x_wconf 91' lang='lat' dir='ltr'><strong>meam</strong></span> <span class='ocrx_word' id='word_1_21' title='bbox 940 897 1069 978; x_wconf 83' lang='lat' dir='ltr'><strong>legisse,</strong></span> <span class='ocrx_word' id='word_1_22' title='bbox 1098 898 1160 961; x_wconf 91' lang='lat' dir='ltr'><strong>nisi</strong></span> <span class='ocrx_word' id='word_1_23' title='bbox 1187 914 1201 964; x_wconf 93' lang='lat'>1</span> 
     </span>
     <span class='ocr_line' id='line_1_6' title="bbox 55 997 1161 1083; baseline -0.001 -19"><span class='ocrx_word' id='word_1_24' title='bbox 55 1000 339 1082; x_wconf 77' lang='lat' dir='ltr'><strong>manuscriptam:</strong></span> <span class='ocrx_word' id='word_1_25' title='bbox 363 1020 401 1063; x_wconf 85' lang='lat' dir='ltr'><strong>ex</strong></span> <span class='ocrx_word' id='word_1_26' title='bbox 423 1019 460 1063; x_wconf 93' lang='lat' dir='ltr'><strong>eo</strong></span> <span class='ocrx_word' id='word_1_27' title='bbox 483 1000 631 1082; x_wconf 86' lang='lat' dir='ltr'><strong>colligere</strong></span> <span class='ocrx_word' id='word_1_28' title='bbox 652 999 783 1083; x_wconf 87' lang='lat' dir='ltr'><strong>poteris,</strong></span> <span class='ocrx_word' id='word_1_29' title='bbox 806 1004 930 1083; x_wconf 88' lang='lat' dir='ltr'><strong>quanta</strong></span> <span class='ocrx_word' id='word_1_30' title='bbox 952 997 1161 1080; x_wconf 85' lang='lat' dir='ltr'><strong>occupatione</strong></span> 
     </span>
     <span class='ocr_line' id='line_1_7' title="bbox 55 1099 1161 1183; baseline -0.003 -20"><span class='ocrx_word' id='word_1_31' title='bbox 55 1119 131 1178; x_wconf 90' lang='lat' dir='ltr'><strong>ear;</strong></span> <span class='ocrx_word' id='word_1_32' title='bbox 153 1120 228 1162; x_wconf 90' lang='lat' dir='ltr'><strong>nam</strong></span> <span class='ocrx_word' id='word_1_33' title='bbox 251 1119 322 1162; x_wconf 86' lang='lat' dir='ltr'><strong>curn</strong></span> <span class='ocrx_word' id='word_1_34' title='bbox 345 1099 440 1164; x_wconf 88' lang='lat' dir='ltr'><strong>vacui</strong></span> <span class='ocrx_word' id='word_1_35' title='bbox 461 1100 616 1183; x_wconf 90' lang='lat' dir='ltr'><strong>temporis</strong></span> <span class='ocrx_word' id='word_1_36' title='bbox 637 1099 720 1165; x_wconf 87' lang='lat' dir='ltr'><strong>nihil</strong></span> <span class='ocrx_word' id='word_1_37' title='bbox 742 1099 895 1164; x_wconf 89' lang='lat' dir='ltr'><strong>haberem</strong></span> <span class='ocrx_word' id='word_1_38' title='bbox 918 1102 950 1162; x_wconf 92' lang='lat' dir='ltr'><strong>et</strong></span> <span class='ocrx_word' id='word_1_39' title='bbox 968 1118 1040 1162; x_wconf 89' lang='lat' dir='ltr'><strong>cum</strong></span> <span class='ocrx_word' id='word_1_40' title='bbox 1057 1116 1161 1162; x_wconf 91' lang='lat' dir='ltr'><strong>recre-</strong></span> 
     </span>
     <span class='ocr_line' id='line_1_8' title="bbox 55 1198 1162 1277; baseline 0 -16"><span class='ocrx_word' id='word_1_41' title='bbox 55 1200 215 1264; x_wconf 66' lang='lat' dir='ltr'><strong>ivoculae</strong></span> <span class='ocrx_word' id='word_1_42' title='bbox 246 1220 342 1263; x_wconf 90' lang='lat' dir='ltr'><strong>causa</strong></span> <span class='ocrx_word' id='word_1_43' title='bbox 371 1220 499 1265; x_wconf 88' lang='lat' dir='ltr'><strong>necesse</strong></span> <span class='ocrx_word' id='word_1_44' title='bbox 530 1205 614 1265; x_wconf 90' lang='lat' dir='ltr'><strong>esset</strong></span> <span class='ocrx_word' id='word_1_45' title='bbox 640 1200 719 1264; x_wconf 91' lang='lat' dir='ltr'><strong>mihi</strong></span> <span class='ocrx_word' id='word_1_46' title='bbox 742 1199 918 1277; x_wconf 88' lang='lat' dir='ltr'><strong>ambulare,</strong></span> <span class='ocrx_word' id='word_1_47' title='bbox 942 1198 1020 1262; x_wconf 92' lang='lat' dir='ltr'><strong>baec</strong></span> <span class='ocrx_word' id='word_1_48' title='bbox 1043 1198 1162 1262; x_wconf 85' lang='lat' dir='ltr'><strong>dictavi</strong></span> 
     </span>
     <span class='ocr_line' id='line_1_9' title="bbox 55 1298 1199 1382; baseline 0 -20"><span class='ocrx_word' id='word_1_49' title='bbox 55 1300 136 1366; x_wconf 83' lang='lat' dir='ltr'><strong>lans,</strong></span> <span class='ocrx_word' id='word_1_50' title='bbox 178 1299 322 1363; x_wconf 90' lang='lat' dir='ltr'><strong>Primum</strong></span> <span class='ocrx_word' id='word_1_51' title='bbox 352 1298 454 1381; x_wconf 92' lang='lat' dir='ltr'><strong>igitur</strong></span> <span class='ocrx_word' id='word_1_52' title='bbox 484 1300 564 1364; x_wconf 93' lang='lat' dir='ltr'><strong>illud</strong></span> <span class='ocrx_word' id='word_1_53' title='bbox 595 1306 627 1365; x_wconf 90' lang='lat' dir='ltr'><strong>te</strong></span> <span class='ocrx_word' id='word_1_54' title='bbox 649 1301 730 1365; x_wconf 88' lang='lat' dir='ltr'><strong>scire</strong></span> <span class='ocrx_word' id='word_1_55' title='bbox 751 1301 835 1379; x_wconf 89' lang='lat' dir='ltr'><strong>volo,</strong></span> <span class='ocrx_word' id='word_1_56' title='bbox 857 1298 1156 1382; x_wconf 83' lang='lat' dir='ltr'><strong>Sampsiceramum,</strong></span> <span class='ocrx_word' id='word_1_57' title='bbox 1182 1311 1199 1362; x_wconf 80' lang='lat' dir='ltr'><strong>a</strong></span> 
     </span>
     <span class='ocr_line' id='line_1_10' title="bbox 55 1398 1160 1483; baseline -0.003 -20"><span class='ocrx_word' id='word_1_58' title='bbox 55 1421 103 1463; x_wconf 87' lang='lat' dir='ltr'><strong>rm</strong></span> <span class='ocrx_word' id='word_1_59' title='bbox 126 1400 277 1478; x_wconf 89' lang='lat' dir='ltr'><strong>amicum,</strong></span> <span class='ocrx_word' id='word_1_60' title='bbox 303 1400 505 1465; x_wconf 86' lang='lat' dir='ltr'><strong>vehementer</strong></span> <span class='ocrx_word' id='word_1_61' title='bbox 527 1401 578 1464; x_wconf 90' lang='lat' dir='ltr'><strong>sui</strong></span> <span class='ocrx_word' id='word_1_62' title='bbox 600 1407 705 1466; x_wconf 89' lang='lat' dir='ltr'><strong>status</strong></span> <span class='ocrx_word' id='word_1_63' title='bbox 724 1401 890 1483; x_wconf 89' lang='lat' dir='ltr'><strong>paenitere</strong></span> <span class='ocrx_word' id='word_1_64' title='bbox 912 1398 1105 1481; x_wconf 83' lang='lat' dir='ltr'><strong>restituique</strong></span> <span class='ocrx_word' id='word_1_65' title='bbox 1126 1399 1160 1461; x_wconf 90' lang='lat' dir='ltr'><strong>in</strong></span> 
     </span>
     <span class='ocr_line' id='line_1_11' title="bbox 55 1499 1161 1583; baseline 0.002 -21"><span class='ocrx_word' id='word_1_66' title='bbox 55 1500 159 1564; x_wconf 89' lang='lat' dir='ltr'><strong>locum</strong></span> <span class='ocrx_word' id='word_1_67' title='bbox 183 1520 307 1581; x_wconf 89' lang='lat' dir='ltr'><strong>cupere,</strong></span> <span class='ocrx_word' id='word_1_68' title='bbox 339 1520 378 1564; x_wconf 86' lang='lat' dir='ltr'><strong>ex</strong></span> <span class='ocrx_word' id='word_1_69' title='bbox 400 1521 463 1582; x_wconf 91' lang='lat' dir='ltr'><strong>quo</strong></span> <span class='ocrx_word' id='word_1_70' title='bbox 487 1500 617 1579; x_wconf 86' lang='lat' dir='ltr'><strong>decidit,</strong></span> <span class='ocrx_word' id='word_1_71' title='bbox 645 1501 855 1583; x_wconf 89' lang='lat' dir='ltr'><strong>doloremque</strong></span> <span class='ocrx_word' id='word_1_72' title='bbox 877 1521 972 1563; x_wconf 89' lang='lat' dir='ltr'><strong>suum</strong></span> <span class='ocrx_word' id='word_1_73' title='bbox 995 1499 1161 1581; x_wconf 89' lang='lat' dir='ltr'><strong>impertire</strong></span> 
     </span>
     <span class='ocr_line' id='line_1_12' title="bbox 71 1599 1161 1685; baseline 0 -23"><span class='ocrx_word' id='word_1_74' title='bbox 71 1605 104 1663; x_wconf 88' lang='lat' dir='ltr'><strong>et</strong></span> <span class='ocrx_word' id='word_1_75' title='bbox 134 1600 323 1664; x_wconf 89' lang='lat' dir='ltr'><strong>medicinam</strong></span> <span class='ocrx_word' id='word_1_76' title='bbox 354 1599 518 1664; x_wconf 91' lang='lat' dir='ltr'><strong>interdum</strong></span> <span class='ocrx_word' id='word_1_77' title='bbox 540 1607 651 1685; x_wconf 89' lang='lat' dir='ltr'><strong>aperte</strong></span> <span class='ocrx_word' id='word_1_78' title='bbox 673 1622 838 1685; x_wconf 90' lang='lat' dir='ltr'><strong>quaerere,</strong></span> <span class='ocrx_word' id='word_1_79' title='bbox 861 1621 959 1684; x_wconf 87' lang='lat' dir='ltr'><strong>quam</strong></span> <span class='ocrx_word' id='word_1_80' title='bbox 982 1621 1039 1682; x_wconf 91' lang='lat' dir='ltr'><strong>ego</strong></span> <span class='ocrx_word' id='word_1_81' title='bbox 1067 1619 1161 1682; x_wconf 90' lang='lat' dir='ltr'><strong>posse</strong></span> 
     </span>
     <span class='ocr_line' id='line_1_13' title="bbox 55 1699 1160 1787; baseline 0 -25"><span class='ocrx_word' id='word_1_82' title='bbox 55 1700 90 1764; x_wconf 87' lang='lat' dir='ltr'><strong>iri</strong></span> <span class='ocrx_word' id='word_1_83' title='bbox 111 1699 233 1764; x_wconf 90' lang='lat' dir='ltr'><strong>nullam</strong></span> <span class='ocrx_word' id='word_1_84' title='bbox 256 1706 356 1782; x_wconf 90' lang='lat' dir='ltr'><strong>puto;</strong></span> <span class='ocrx_word' id='word_1_85' title='bbox 379 1701 495 1765; x_wconf 88' lang='lat' dir='ltr'><strong>deinde</strong></span> <span class='ocrx_word' id='word_1_86' title='bbox 517 1703 621 1766; x_wconf 90' lang='lat' dir='ltr'><strong>omnis</strong></span> <span class='ocrx_word' id='word_1_87' title='bbox 650 1702 737 1766; x_wconf 92' lang='lat' dir='ltr'><strong>illius</strong></span> <span class='ocrx_word' id='word_1_88' title='bbox 758 1702 860 1787; x_wconf 86' lang='lat' dir='ltr'><strong>partis</strong></span> <span class='ocrx_word' id='word_1_89' title='bbox 883 1705 1030 1766; x_wconf 88' lang='lat' dir='ltr'><strong>auctores</strong></span> <span class='ocrx_word' id='word_1_90' title='bbox 1052 1720 1089 1764; x_wconf 88' lang='lat' dir='ltr'><strong>ac</strong></span> <span class='ocrx_word' id='word_1_91' title='bbox 1109 1719 1160 1763; x_wconf 89' lang='lat' dir='ltr'><strong>so·</strong></span> 
     </span>
     <span class='ocr_line' id='line_1_14' title="bbox 55 1798 1161 1878; baseline -0.001 -16"><span class='ocrx_word' id='word_1_92' title='bbox 55 1799 134 1863; x_wconf 82' lang='lat' dir='ltr'><strong>rullo</strong></span> <span class='ocrx_word' id='word_1_93' title='bbox 157 1798 341 1865; x_wconf 89' lang='lat' dir='ltr'><strong>adversario</strong></span> <span class='ocrx_word' id='word_1_94' title='bbox 359 1821 590 1878; x_wconf 86' lang='lat' dir='ltr'><strong>consenescere,</strong></span> <span class='ocrx_word' id='word_1_95' title='bbox 608 1802 848 1866; x_wconf 90' lang='lat' dir='ltr'><strong>consensionem</strong></span> <span class='ocrx_word' id='word_1_96' title='bbox 865 1801 1086 1864; x_wconf 87' lang='lat' dir='ltr'><strong>universorum</strong></span> <span class='ocrx_word' id='word_1_97' title='bbox 1103 1818 1161 1862; x_wconf 90' lang='lat' dir='ltr'><strong>nec</strong></span> 
     </span>
     <span class='ocr_line' id='line_1_15' title="bbox 56 1898 1203 1982; baseline -0.001 -20"><span class='ocrx_word' id='word_1_98' title='bbox 56 1900 135 1963; x_wconf 88' lang='lat' dir='ltr'><strong>tatis</strong></span> <span class='ocrx_word' id='word_1_99' title='bbox 157 1920 214 1963; x_wconf 90' lang='lat' dir='ltr'><strong>nec</strong></span> <span class='ocrx_word' id='word_1_100' title='bbox 235 1900 391 1963; x_wconf 90' lang='lat' dir='ltr'><strong>sermonis</strong></span> <span class='ocrx_word' id='word_1_101' title='bbox 413 1900 568 1964; x_wconf 89' lang='lat' dir='ltr'><strong>maiorem</strong></span> <span class='ocrx_word' id='word_1_102' title='bbox 592 1921 745 1982; x_wconf 91' lang='lat' dir='ltr'><strong>umquam</strong></span> <span class='ocrx_word' id='word_1_103' title='bbox 768 1900 872 1965; x_wconf 80' lang='lat' dir='ltr'><strong>luisse.</strong></span> <span class='ocrx_word' id='word_1_104' title='bbox 907 1898 974 1963; x_wconf 92' lang='lat' dir='ltr'><strong>Nos</strong></span> <span class='ocrx_word' id='word_1_105' title='bbox 993 1903 1101 1962; x_wconf 88' lang='lat' dir='ltr'><strong>autem</strong></span> <span class='ocrx_word' id='word_1_106' title='bbox 1119 1932 1161 1945; x_wconf 87' lang='lat'><em>-</em></span> <span class='ocrx_word' id='word_1_107' title='bbox 1186 1917 1203 1969; x_wconf 86' lang='lat'><strong>3</strong></span> 
     </span>
     <span class='ocr_line' id='line_1_16' title="bbox 55 1997 1158 2082; baseline 0.001 -21"><span class='ocrx_word' id='word_1_108' title='bbox 55 2000 91 2061; x_wconf 91' lang='lat' dir='ltr'><strong>id</strong></span> <span class='ocrx_word' id='word_1_109' title='bbox 121 2006 154 2064; x_wconf 89' lang='lat' dir='ltr'><strong>te</strong></span> <span class='ocrx_word' id='word_1_110' title='bbox 184 2000 264 2063; x_wconf 89' lang='lat' dir='ltr'><strong>scire</strong></span> <span class='ocrx_word' id='word_1_111' title='bbox 294 2019 411 2081; x_wconf 92' lang='lat' dir='ltr'><strong>cupere</strong></span> <span class='ocrx_word' id='word_1_112' title='bbox 441 2006 529 2064; x_wconf 91' lang='lat' dir='ltr'><strong>certo</strong></span> <span class='ocrx_word' id='word_1_113' title='bbox 560 2000 625 2064; x_wconf 90' lang='lat' dir='ltr'><strong>scio</strong></span> <span class='ocrx_word' id='word_1_114' title='bbox 658 1998 857 2082; x_wconf 86' lang='lat' dir='ltr'><strong>—publicis</strong></span> <span class='ocrx_word' id='word_1_115' title='bbox 888 1999 1028 2063; x_wconf 90' lang='lat' dir='ltr'><strong>consiliis</strong></span> <span class='ocrx_word' id='word_1_116' title='bbox 1059 1997 1158 2062; x_wconf 89' lang='lat' dir='ltr'><strong>nullis</strong></span> 
     </span>
     <span class='ocr_line' id='line_1_17' title="bbox 55 2100 1160 2183; baseline -0.003 -21"><span class='ocrx_word' id='word_1_117' title='bbox 55 2121 154 2163; x_wconf 90' lang='lat' dir='ltr'><strong>umus</strong></span> <span class='ocrx_word' id='word_1_118' title='bbox 175 2107 326 2182; x_wconf 86' lang='lat' dir='ltr'><strong>totosque</strong></span> <span class='ocrx_word' id='word_1_119' title='bbox 347 2121 406 2164; x_wconf 89' lang='lat' dir='ltr'><strong>nos</strong></span> <span class='ocrx_word' id='word_1_120' title='bbox 436 2101 477 2164; x_wconf 93' lang='lat' dir='ltr'><strong>ad</strong></span> <span class='ocrx_word' id='word_1_121' title='bbox 505 2101 664 2165; x_wconf 85' lang='lat' dir='ltr'><strong>forensem</strong></span> <span class='ocrx_word' id='word_1_122' title='bbox 695 2121 827 2183; x_wconf 88' lang='lat' dir='ltr'><strong>operam</strong></span> <span class='ocrx_word' id='word_1_123' title='bbox 855 2100 1064 2181; x_wconf 89' lang='lat' dir='ltr'><strong>laboremque</strong></span> <span class='ocrx_word' id='word_1_124' title='bbox 1086 2117 1160 2162; x_wconf 91' lang='lat' dir='ltr'><strong>con-</strong></span> 
     </span>
     <span class='ocr_line' id='line_1_18' title="bbox 55 2200 1161 2284; baseline -0.004 -20"><span class='ocrx_word' id='word_1_125' title='bbox 55 2221 109 2278; x_wconf 82' lang='lat' dir='ltr'><strong>us3</strong></span> <span class='ocrx_word' id='word_1_126' title='bbox 132 2222 171 2264; x_wconf 83' lang='lat' dir='ltr'><strong>ex</strong></span> <span class='ocrx_word' id='word_1_127' title='bbox 192 2221 267 2283; x_wconf 91' lang='lat' dir='ltr'><strong>quo,</strong></span> <span class='ocrx_word' id='word_1_128' title='bbox 299 2200 388 2283; x_wconf 94' lang='lat' dir='ltr'><strong>quod</strong></span> <span class='ocrx_word' id='word_1_129' title='bbox 418 2200 512 2264; x_wconf 89' lang='lat' dir='ltr'><strong>facile</strong></span> <span class='ocrx_word' id='word_1_130' title='bbox 538 2201 687 2284; x_wconf 84' lang='lat' dir='ltr'><strong>intellegi</strong></span> <span class='ocrx_word' id='word_1_131' title='bbox 708 2202 819 2284; x_wconf 89' lang='lat' dir='ltr'><strong>possit,</strong></span> <span class='ocrx_word' id='word_1_132' title='bbox 841 2201 875 2264; x_wconf 93' lang='lat' dir='ltr'><strong>in</strong></span> <span class='ocrx_word' id='word_1_133' title='bbox 896 2201 1000 2264; x_wconf 88' lang='lat' dir='ltr'><strong>multa</strong></span> <span class='ocrx_word' id='word_1_134' title='bbox 1023 2218 1161 2263; x_wconf 87' lang='lat' dir='ltr'><strong>comme·</strong></span> 
     </span>
     <span class='ocr_line' id='line_1_19' title="bbox 55 2301 1161 2385; baseline 0.001 -21"><span class='ocrx_word' id='word_1_135' title='bbox 55 2301 139 2364; x_wconf 81' lang='lat' dir='ltr'><strong>tione</strong></span> <span class='ocrx_word' id='word_1_136' title='bbox 161 2322 273 2364; x_wconf 83' lang='lat' dir='ltr'><strong>aarum</strong></span> <span class='ocrx_word' id='word_1_137' title='bbox 294 2322 412 2381; x_wconf 88' lang='lat' dir='ltr'><strong>rerum,</strong></span> <span class='ocrx_word' id='word_1_138' title='bbox 445 2322 526 2383; x_wconf 90' lang='lat' dir='ltr'><strong>quas</strong></span> <span class='ocrx_word' id='word_1_139' title='bbox 556 2303 721 2384; x_wconf 78' lang='lat' dir='ltr'><strong>gessimus,</strong></span> <span class='ocrx_word' id='word_1_140' title='bbox 744 2301 964 2385; x_wconf 88' lang='lat' dir='ltr'><strong>desiderioque</strong></span> <span class='ocrx_word' id='word_1_141' title='bbox 985 2319 1161 2366; x_wconf 86' lang='lat' dir='ltr'><strong>versamur.</strong></span> 
     </span>
     <span class='ocr_line' id='line_1_20' title="bbox 55 2399 1160 2482; baseline 0.001 -21"><span class='ocrx_word' id='word_1_142' title='bbox 55 2402 202 2476; x_wconf 61' lang='lat' dir='ltr'><strong>testatior</strong></span> <span class='ocrx_word' id='word_1_143' title='bbox 222 2405 354 2464; x_wconf 88' lang='lat' dir='ltr'><strong>nostrae</strong></span> <span class='ocrx_word' id='word_1_144' title='bbox 376 2401 634 2482; x_wconf 88' lang='lat' dir='ltr'><strong>consanguineus</strong></span> <span class='ocrx_word' id='word_1_145' title='bbox 652 2422 716 2466; x_wconf 95' lang='lat' dir='ltr'><strong>non</strong></span> <span class='ocrx_word' id='word_1_146' title='bbox 736 2401 906 2466; x_wconf 90' lang='lat' dir='ltr'><strong>mediocris</strong></span> <span class='ocrx_word' id='word_1_147' title='bbox 924 2409 1065 2465; x_wconf 88' lang='lat' dir='ltr'><strong>terrores</strong></span> <span class='ocrx_word' id='word_1_148' title='bbox 1082 2399 1160 2464; x_wconf 86' lang='lat' dir='ltr'><strong>iacit</strong></span> 
     </span>
    </p>
   </div>
   <div class='ocr_carea' id='block_1_5' title="bbox 55 2499 1161 2988">
    <p class='ocr_par' dir='ltr' id='par_1_5' title="bbox 55 2499 1161 2988">
     <span class='ocr_line' id='line_1_21' title="bbox 78 2499 1161 2585; baseline -0.001 -22"><span class='ocrx_word' id='word_1_149' title='bbox 78 2499 257 2579; x_wconf 90' lang='lat' dir='ltr'><strong>denuntiat,</strong></span> <span class='ocrx_word' id='word_1_150' title='bbox 280 2506 313 2563; x_wconf 89' lang='lat' dir='ltr'><strong>et</strong></span> <span class='ocrx_word' id='word_1_151' title='bbox 334 2499 593 2583; x_wconf 87' lang='lat' dir='ltr'><strong>Sampsiceramo</strong></span> <span class='ocrx_word' id='word_1_152' title='bbox 616 2506 723 2583; x_wconf 86' lang='lat' dir='ltr'><strong>negat,</strong></span> <span class='ocrx_word' id='word_1_153' title='bbox 755 2502 868 2566; x_wconf 90' lang='lat' dir='ltr'><strong>ceteris</strong></span> <span class='ocrx_word' id='word_1_154' title='bbox 890 2522 967 2585; x_wconf 88' lang='lat' dir='ltr'><strong>prae</strong></span> <span class='ocrx_word' id='word_1_155' title='bbox 988 2521 1021 2564; x_wconf 92' lang='lat' dir='ltr'><strong>se</strong></span> <span class='ocrx_word' id='word_1_156' title='bbox 1043 2500 1107 2565; x_wconf 83' lang='lat' dir='ltr'><strong>fert</strong></span> <span class='ocrx_word' id='word_1_157' title='bbox 1128 2504 1161 2564; x_wconf 90' lang='lat' dir='ltr'><strong>et</strong></span> 
     </span>
     <span class='ocr_line' id='line_1_22' title="bbox 55 2599 1160 2684; baseline -0.001 -19"><span class='ocrx_word' id='word_1_158' title='bbox 55 2606 117 2665; x_wconf 69' lang='lat' dir='ltr'><strong>3at:</strong></span> <span class='ocrx_word' id='word_1_159' title='bbox 140 2620 238 2681; x_wconf 92' lang='lat' dir='ltr'><strong>quam</strong></span> <span class='ocrx_word' id='word_1_160' title='bbox 255 2599 297 2664; x_wconf 92' lang='lat' dir='ltr'><strong>ob</strong></span> <span class='ocrx_word' id='word_1_161' title='bbox 319 2620 396 2679; x_wconf 90' lang='lat' dir='ltr'><strong>rem,</strong></span> <span class='ocrx_word' id='word_1_162' title='bbox 427 2601 454 2664; x_wconf 94' lang='lat' dir='ltr'><strong>si</strong></span> <span class='ocrx_word' id='word_1_163' title='bbox 484 2621 535 2665; x_wconf 92' lang='lat' dir='ltr'><strong>me</strong></span> <span class='ocrx_word' id='word_1_164' title='bbox 558 2622 648 2667; x_wconf 89' lang='lat' dir='ltr'><strong>amas</strong></span> <span class='ocrx_word' id='word_1_165' title='bbox 671 2607 808 2681; x_wconf 89' lang='lat' dir='ltr'><strong>tantum,</strong></span> <span class='ocrx_word' id='word_1_166' title='bbox 836 2607 995 2684; x_wconf 89' lang='lat' dir='ltr'><strong>quantum</strong></span> <span class='ocrx_word' id='word_1_167' title='bbox 1016 2599 1160 2684; x_wconf 89' lang='lat' dir='ltr'><strong>profecto</strong></span> 
     </span>
     <span class='ocr_line' id='line_1_23' title="bbox 87 2700 1159 2786; baseline 0.002 -23"><span class='ocrx_word' id='word_1_168' title='bbox 87 2702 113 2764; x_wconf 90' lang='lat' dir='ltr'><strong>si</strong></span> <span class='ocrx_word' id='word_1_169' title='bbox 145 2700 273 2778; x_wconf 89' lang='lat' dir='ltr'><strong>dormis,</strong></span> <span class='ocrx_word' id='word_1_170' title='bbox 304 2702 533 2784; x_wconf 86' lang='lat' dir='ltr'><strong>expergiscere,</strong></span> <span class='ocrx_word' id='word_1_171' title='bbox 565 2702 692 2784; x_wconf 85' lang='lat' dir='ltr'><strong>sistas,</strong></span> <span class='ocrx_word' id='word_1_172' title='bbox 721 2703 897 2786; x_wconf 87' lang='lat' dir='ltr'><strong>ingredere,</strong></span> <span class='ocrx_word' id='word_1_173' title='bbox 924 2703 952 2767; x_wconf 88' lang='lat' dir='ltr'><strong>si</strong></span> <span class='ocrx_word' id='word_1_174' title='bbox 972 2700 1159 2784; x_wconf 88' lang='lat' dir='ltr'><strong>ingrederis,</strong></span> 
     </span>
     <span class='ocr_line' id='line_1_24' title="bbox 55 2801 1159 2885; baseline -0.002 -20"><span class='ocrx_word' id='word_1_175' title='bbox 55 2854 58 2875; x_wconf 84' lang='grc'>,</span> <span class='ocrx_word' id='word_1_176' title='bbox 83 2802 110 2865; x_wconf 89' lang='lat' dir='ltr'><strong>si</strong></span> <span class='ocrx_word' id='word_1_177' title='bbox 133 2803 244 2879; x_wconf 90' lang='lat' dir='ltr'><strong>curris,</strong></span> <span class='ocrx_word' id='word_1_178' title='bbox 267 2801 392 2867; x_wconf 90' lang='lat' dir='ltr'><strong>advola.</strong></span> <span class='ocrx_word' id='word_1_179' title='bbox 427 2802 590 2868; x_wconf 85' lang='lat' dir='ltr'><strong>Credibile</strong></span> <span class='ocrx_word' id='word_1_180' title='bbox 611 2824 677 2868; x_wconf 93' lang='lat' dir='ltr'><strong>non</strong></span> <span class='ocrx_word' id='word_1_181' title='bbox 698 2809 755 2883; x_wconf 90' lang='lat' dir='ltr'><strong>est,</strong></span> <span class='ocrx_word' id='word_1_182' title='bbox 779 2809 938 2885; x_wconf 87' lang='lat' dir='ltr'><strong>quantum</strong></span> <span class='ocrx_word' id='word_1_183' title='bbox 957 2823 1016 2884; x_wconf 93' lang='lat' dir='ltr'><strong>ego</strong></span> <span class='ocrx_word' id='word_1_184' title='bbox 1034 2801 1066 2864; x_wconf 93' lang='lat' dir='ltr'><strong>in</strong></span> <span class='ocrx_word' id='word_1_185' title='bbox 1085 2821 1159 2865; x_wconf 87' lang='lat' dir='ltr'><strong>con-</strong></span> 
     </span>
     <span class='ocr_line' id='line_1_25' title="bbox 55 2901 1160 2988; baseline -0.002 -22"><span class='ocrx_word' id='word_1_186' title='bbox 55 2908 84 2966; x_wconf 86' lang='lat' dir='ltr'><strong>et</strong></span> <span class='ocrx_word' id='word_1_187' title='bbox 100 2901 276 2985; x_wconf 89' lang='lat' dir='ltr'><strong>prudentia</strong></span> <span class='ocrx_word' id='word_1_188' title='bbox 295 2907 364 2981; x_wconf 90' lang='lat' dir='ltr'><strong>tua,</strong></span> <span class='ocrx_word' id='word_1_189' title='bbox 383 2904 530 2988; x_wconf 77' lang='lat' dir='ltr'><strong>quodque</strong></span> <span class='ocrx_word' id='word_1_190' title='bbox 548 2904 724 2969; x_wconf 88' lang='lat' dir='ltr'><strong>maximum</strong></span> <span class='ocrx_word' id='word_1_191' title='bbox 741 2912 798 2983; x_wconf 89' lang='lat' dir='ltr'><strong>est,</strong></span> <span class='ocrx_word' id='word_1_192' title='bbox 818 2909 976 2987; x_wconf 88' lang='lat' dir='ltr'><strong>quantum</strong></span> <span class='ocrx_word' id='word_1_193' title='bbox 997 2903 1031 2965; x_wconf 91' lang='lat' dir='ltr'><strong>in</strong></span> <span class='ocrx_word' id='word_1_194' title='bbox 1050 2921 1160 2966; x_wconf 90' lang='lat' dir='ltr'><strong>amore</strong></span> 
     </span>
    </p>
   </div>
   <div class='ocr_carea' id='block_1_6' title="bbox 55 3170 1180 4577">
    <p class='ocr_par' dir='ltr' id='par_1_6' title="bbox 55 3170 1161 3981">
     <span class='ocr_line' id='line_1_26' title="bbox 71 3170 1160 3240; baseline 0.002 -17"><span class='ocrx_word' id='word_1_195' title='bbox 71 3174 92 3223; x_wconf 94' lang='lat' dir='ltr'><strong>l.</strong></span> <span class='ocrx_word' id='word_1_196' title='bbox 110 3181 209 3239; x_wconf 77' lang='lat' dir='ltr'><strong>quanto</strong></span> <span class='ocrx_word' id='word_1_197' title='bbox 225 3173 389 3239; x_wconf 79' lang='lat' dir='ltr'><strong>occupatione</strong></span> <span class='ocrx_word' id='word_1_198' title='bbox 401 3170 538 3239; x_wconf 78' lang='lat' dir='ltr'><strong>distineor]</strong></span> <span class='ocrx_word' id='word_1_199' title='bbox 580 3175 669 3228; x_wconf 87' lang='lat' dir='ltr'><strong>dieses</strong></span> <span class='ocrx_word' id='word_1_200' title='bbox 696 3173 796 3228; x_wconf 87' lang='lat' dir='ltr'><strong>Jahrcs</strong></span> <span class='ocrx_word' id='word_1_201' title='bbox 822 3173 930 3240; x_wconf 89' lang='lat' dir='ltr'><strong>hervor,</strong></span> <span class='ocrx_word' id='word_1_202' title='bbox 956 3173 1008 3225; x_wconf 91' lang='lat' dir='ltr'><strong>wie</strong></span> <span class='ocrx_word' id='word_1_203' title='bbox 1033 3172 1097 3226; x_wconf 91' lang='lat' dir='ltr'><strong>sehr</strong></span> <span class='ocrx_word' id='word_1_204' title='bbox 1115 3171 1160 3225; x_wconf 90' lang='lat' dir='ltr'><strong>die</strong></span> 
     </span>
     <span class='ocr_line' id='line_1_27' title="bbox 55 3255 1160 3327; baseline 0.001 -21"><span class='ocrx_word' id='word_1_205' title='bbox 55 3272 87 3306; x_wconf 86' lang='lat' dir='ltr'><strong>en</strong></span> <span class='ocrx_word' id='word_1_206' title='bbox 106 3255 222 3322; x_wconf 82' lang='lat' dir='ltr'><strong>vorigen</strong></span> <span class='ocrx_word' id='word_1_207' title='bbox 240 3255 318 3308; x_wconf 86' lang='lat' dir='ltr'><strong>Briei</strong></span> <span class='ocrx_word' id='word_1_208' title='bbox 333 3255 383 3322; x_wconf 78' lang='lat'><strong>§3</strong></span> <span class='ocrx_word' id='word_1_209' title='bbox 408 3255 466 3308; x_wconf 88' lang='lat' dir='ltr'><strong>und</strong></span> <span class='ocrx_word' id='word_1_210' title='bbox 484 3256 538 3310; x_wconf 92' lang='lat' dir='ltr'><strong>den</strong></span> <span class='ocrx_word' id='word_1_211' title='bbox 580 3258 780 3327; x_wconf 85' lang='lat' dir='ltr'><strong>Zeitgenosseu</strong></span> <span class='ocrx_word' id='word_1_212' title='bbox 820 3256 926 3310; x_wconf 84' lang='lat' dir='ltr'><strong>damals</strong></span> <span class='ocrx_word' id='word_1_213' title='bbox 961 3256 1032 3310; x_wconf 93' lang='lat' dir='ltr'><strong>noch</strong></span> <span class='ocrx_word' id='word_1_214' title='bbox 1062 3255 1160 3308; x_wconf 82' lang='lat' dir='ltr'><strong>Oiisars</strong></span> 
     </span>
     <span class='ocr_line' id='line_1_28' title="bbox 55 3338 1161 3410; baseline 0.001 -20"><span class='ocrx_word' id='word_1_215' title='bbox 55 3356 89 3390; x_wconf 88' lang='lat' dir='ltr'><strong>en</strong></span> <span class='ocrx_word' id='word_1_216' title='bbox 107 3338 122 3404; x_wconf 65' lang='grc' dir='ltr'><strong>ἓ</strong></span> <span class='ocrx_word' id='word_1_217' title='bbox 139 3342 163 3392; x_wconf 90' lang='lat'><strong>3.</strong></span> <span class='ocrx_word' id='word_1_218' title='bbox 182 3370 214 3377; x_wconf 93' lang='lat'>-</span> <span class='ocrx_word' id='word_1_219' title='bbox 232 3339 345 3407; x_wconf 81' lang='lat' dir='ltr'><strong>vocatae]</strong></span> <span class='ocrx_word' id='word_1_220' title='bbox 363 3357 397 3392; x_wconf 88' lang='lat' dir='ltr'><strong>zu</strong></span> <span class='ocrx_word' id='word_1_221' title='bbox 415 3356 458 3405; x_wconf 89' lang='lat' dir='ltr'><strong>ep.</strong></span> <span class='ocrx_word' id='word_1_222' title='bbox 476 3341 500 3403; x_wconf 81' lang='lat'><strong>5,</strong></span> <span class='ocrx_word' id='word_1_223' title='bbox 514 3341 538 3392; x_wconf 90' lang='grc'><strong>6.</strong></span> <span class='ocrx_word' id='word_1_224' title='bbox 580 3342 746 3410; x_wconf 85' lang='lat' dir='ltr'><strong>Bedeutung</strong></span> <span class='ocrx_word' id='word_1_225' title='bbox 764 3340 1007 3394; x_wconf 79' lang='lat' dir='ltr'><strong>unterscbiitzten:</strong></span> <span class='ocrx_word' id='word_1_226' title='bbox 1024 3338 1081 3393; x_wconf 88' lang='lat' dir='ltr'><strong>‘We</strong></span> <span class='ocrx_word' id='word_1_227' title='bbox 1099 3356 1161 3392; x_wconf 90' lang='lat' dir='ltr'><strong>now</strong></span> 
     </span>
     <span class='ocr_line' id='line_1_29' title="bbox 55 3422 1160 3491; baseline -0.001 -16"><span class='ocrx_word' id='word_1_228' title='bbox 55 3422 179 3491; x_wconf 74' lang='lat' dir='ltr'><strong>:honung</strong></span> <span class='ocrx_word' id='word_1_229' title='bbox 193 3423 242 3476; x_wconf 90' lang='lat' dir='ltr'><strong>der</strong></span> <span class='ocrx_word' id='word_1_230' title='bbox 259 3423 376 3477; x_wconf 89' lang='lat' dir='ltr'><strong>Stimme</strong></span> <span class='ocrx_word' id='word_1_231' title='bbox 393 3422 538 3490; x_wconf 90' lang='lat' dir='ltr'><strong>empfiehlt</strong></span> <span class='ocrx_word' id='word_1_232' title='bbox 580 3425 644 3478; x_wconf 85' lang='lat' dir='ltr'><strong>look</strong></span> <span class='ocrx_word' id='word_1_233' title='bbox 662 3424 733 3477; x_wconf 85' lang='lat' dir='ltr'><strong>back</strong></span> <span class='ocrx_word' id='word_1_234' title='bbox 750 3441 786 3477; x_wconf 91' lang='lat' dir='ltr'><strong>on</strong></span> <span class='ocrx_word' id='word_1_235' title='bbox 804 3423 905 3477; x_wconf 87' lang='lat' dir='ltr'><strong>Caesar</strong></span> <span class='ocrx_word' id='word_1_236' title='bbox 926 3440 957 3476; x_wconf 83' lang='lat' dir='ltr'><strong>as</strong></span> <span class='ocrx_word' id='word_1_237' title='bbox 975 3423 1023 3476; x_wconf 88' lang='lat' dir='ltr'><strong>the</strong></span> <span class='ocrx_word' id='word_1_238' title='bbox 1041 3423 1160 3476; x_wconf 89' lang='lat' dir='ltr'><strong>colossus</strong></span> 
     </span>
     <span class='ocr_line' id='line_1_30' title="bbox 55 3504 1160 3575; baseline 0.002 -18"><span class='ocrx_word' id='word_1_239' title='bbox 55 3504 203 3570; x_wconf 54' lang='lat' dir='ltr'><strong>Quintilian</strong></span> <span class='ocrx_word' id='word_1_240' title='bbox 231 3506 299 3559; x_wconf 91' lang='lat' dir='ltr'><strong>Inst.</strong></span> <span class='ocrx_word' id='word_1_241' title='bbox 326 3506 371 3560; x_wconf 86' lang='lat' dir='ltr'><strong>Or.</strong></span> <span class='ocrx_word' id='word_1_242' title='bbox 398 3505 446 3573; x_wconf 90' lang='lat' dir='ltr'><strong>XI,</strong></span> <span class='ocrx_word' id='word_1_243' title='bbox 464 3508 488 3573; x_wconf 90' lang='lat'><strong>3,</strong></span> <span class='ocrx_word' id='word_1_244' title='bbox 506 3509 538 3561; x_wconf 88' lang='lat'><strong>19</strong></span> <span class='ocrx_word' id='word_1_245' title='bbox 579 3508 609 3562; x_wconf 92' lang='lat' dir='ltr'><strong>of</strong></span> <span class='ocrx_word' id='word_1_246' title='bbox 624 3510 674 3561; x_wconf 88' lang='lat' dir='ltr'><strong>the</strong></span> <span class='ocrx_word' id='word_1_247' title='bbox 691 3509 796 3575; x_wconf 91' lang='lat' dir='ltr'><strong>period,</strong></span> <span class='ocrx_word' id='word_1_248' title='bbox 811 3508 863 3560; x_wconf 91' lang='lat' dir='ltr'><strong>but</strong></span> <span class='ocrx_word' id='word_1_249' title='bbox 873 3508 915 3560; x_wconf 88' lang='lat' dir='ltr'><strong>his</strong></span> <span class='ocrx_word' id='word_1_250' title='bbox 925 3505 1160 3573; x_wconf 86' lang='lat' dir='ltr'><strong>contemporaries</strong></span> 
     </span>
     <span class='ocr_line' id='line_1_31' title="bbox 55 3589 1160 3660; baseline 0.001 -19"><span class='ocrx_word' id='word_1_251' title='bbox 55 3589 96 3641; x_wconf 91' lang='lat' dir='ltr'><strong>die</strong></span> <span class='ocrx_word' id='word_1_252' title='bbox 122 3590 269 3641; x_wconf 82' lang='lat' dir='ltr'><strong>ambulatio.</strong></span> <span class='ocrx_word' id='word_1_253' title='bbox 297 3618 330 3626; x_wconf 91' lang='lat'><em>-</em></span> <span class='ocrx_word' id='word_1_254' title='bbox 356 3608 453 3643; x_wconf 81' lang='lat' dir='ltr'><strong>necesse</strong></span> <span class='ocrx_word' id='word_1_255' title='bbox 478 3600 538 3642; x_wconf 77' lang='lat' dir='ltr'><strong>esset</strong></span> <span class='ocrx_word' id='word_1_256' title='bbox 579 3592 659 3646; x_wconf 90' lang='lat' dir='ltr'><strong>stood</strong></span> <span class='ocrx_word' id='word_1_257' title='bbox 677 3596 723 3646; x_wconf 90' lang='lat' dir='ltr'><strong>too</strong></span> <span class='ocrx_word' id='word_1_258' title='bbox 743 3608 810 3645; x_wconf 88' lang='lat' dir='ltr'><strong>near</strong></span> <span class='ocrx_word' id='word_1_259' title='bbox 827 3591 876 3645; x_wconf 87' lang='lat' dir='ltr'><strong>the</strong></span> <span class='ocrx_word' id='word_1_260' title='bbox 887 3607 989 3645; x_wconf 84' lang='lat' dir='ltr'><strong>canvas</strong></span> <span class='ocrx_word' id='word_1_261' title='bbox 1007 3591 1112 3660; x_wconf 86' lang='lat' dir='ltr'><strong>rightly</strong></span> <span class='ocrx_word' id='word_1_262' title='bbox 1130 3593 1160 3643; x_wconf 90' lang='lat' dir='ltr'><strong>to</strong></span> 
     </span>
     <span class='ocr_line' id='line_1_32' title="bbox 55 3672 1160 3744; baseline 0.005 -22"><span class='ocrx_word' id='word_1_263' title='bbox 55 3672 182 3740; x_wconf 39' lang='lat' dir='ltr'><strong>iaculare]</strong></span> <span class='ocrx_word' id='word_1_264' title='bbox 209 3673 288 3726; x_wconf 91' lang='lat' dir='ltr'><strong>nicht</strong></span> <span class='ocrx_word' id='word_1_265' title='bbox 314 3691 370 3725; x_wconf 76' lang='lat' dir='ltr'><strong>rae:</strong></span> <span class='ocrx_word' id='word_1_266' title='bbox 398 3673 443 3726; x_wconf 91' lang='lat' dir='ltr'><strong>ich</strong></span> <span class='ocrx_word' id='word_1_267' title='bbox 470 3673 538 3726; x_wconf 89' lang='lat' dir='ltr'><strong>bielt</strong></span> <span class='ocrx_word' id='word_1_268' title='bbox 579 3676 740 3742; x_wconf 82' lang='lat' dir='ltr'><strong>appreciate</strong></span> <span class='ocrx_word' id='word_1_269' title='bbox 767 3675 815 3729; x_wconf 91' lang='lat' dir='ltr'><strong>the</strong></span> <span class='ocrx_word' id='word_1_270' title='bbox 846 3675 1026 3744; x_wconf 81' lang='lat' dir='ltr'><strong>proportione</strong></span> <span class='ocrx_word' id='word_1_271' title='bbox 1059 3673 1089 3727; x_wconf 85' lang='lat' dir='ltr'><strong>ol</strong></span> <span class='ocrx_word' id='word_1_272' title='bbox 1113 3672 1160 3727; x_wconf 92' lang='lat' dir='ltr'><strong>the</strong></span> 
     </span>
     <span class='ocr_line' id='line_1_33' title="bbox 55 3756 1161 3827; baseline 0 -20"><span class='ocrx_word' id='word_1_273' title='bbox 55 3760 75 3807; x_wconf 82' lang='lat' dir='ltr'><strong>ir</strong></span> <span class='ocrx_word' id='word_1_274' title='bbox 93 3756 184 3808; x_wconf 89' lang='lat' dir='ltr'><strong>meine</strong></span> <span class='ocrx_word' id='word_1_275' title='bbox 202 3758 303 3823; x_wconf 79' lang='lat' dir='ltr'><strong>Pflicbt,</strong></span> <span class='ocrx_word' id='word_1_276' title='bbox 326 3772 408 3809; x_wconf 87' lang='lat' dir='ltr'><strong>wenn</strong></span> <span class='ocrx_word' id='word_1_277' title='bbox 425 3756 470 3809; x_wconf 91' lang='lat' dir='ltr'><strong>ich</strong></span> <span class='ocrx_word' id='word_1_278' title='bbox 488 3772 538 3809; x_wconf 87' lang='lat' dir='ltr'><strong>vor</strong></span> <span class='ocrx_word' id='word_1_279' title='bbox 579 3758 685 3827; x_wconf 85' lang='lat' dir='ltr'><strong>figure’.</strong></span> <span class='ocrx_word' id='word_1_280' title='bbox 712 3758 852 3826; x_wconf 84' lang='lat' dir='ltr'><strong>(Tyrrell.)</strong></span> <span class='ocrx_word' id='word_1_281' title='bbox 881 3788 914 3796; x_wconf 94' lang='lat'><em>-</em></span> <span class='ocrx_word' id='word_1_282' title='bbox 941 3776 988 3810; x_wconf 81' lang='lat' dir='ltr'><strong>nec</strong></span> <span class='ocrx_word' id='word_1_283' title='bbox 1021 3758 1161 3810; x_wconf 77' lang='lat' dir='ltr'><strong>uoluntaria</strong></span> 
     </span>
     <span class='ocr_line' id='line_1_34' title="bbox 55 3838 1160 3910; baseline 0 -19"><span class='ocrx_word' id='word_1_284' title='bbox 55 3844 72 3891; x_wconf 91' lang='lat' dir='ltr'><strong>.t</strong></span> <span class='ocrx_word' id='word_1_285' title='bbox 90 3838 232 3892; x_wconf 76' lang='lat' dir='ltr'><strong>austratem</strong></span> <span class='ocrx_word' id='word_1_286' title='bbox 258 3841 368 3908; x_wconf 88' lang='lat' dir='ltr'><strong>wollte;</strong></span> <span class='ocrx_word' id='word_1_287' title='bbox 393 3841 471 3894; x_wconf 90' lang='lat' dir='ltr'><strong>nicht</strong></span> <span class='ocrx_word' id='word_1_288' title='bbox 492 3840 538 3893; x_wconf 88' lang='lat' dir='ltr'><strong>die</strong></span> <span class='ocrx_word' id='word_1_289' title='bbox 579 3861 625 3895; x_wconf 82' lang='lat' dir='ltr'><strong>nec</strong></span> <span class='ocrx_word' id='word_1_290' title='bbox 668 3841 800 3910; x_wconf 73' lang='lat' dir='ltr'><strong>ammonia]</strong></span> <span class='ocrx_word' id='word_1_291' title='bbox 844 3843 872 3895; x_wconf 92' lang='lat' dir='ltr'><strong>in</strong></span> <span class='ocrx_word' id='word_1_292' title='bbox 908 3842 1060 3896; x_wconf 81' lang='lat' dir='ltr'><strong>Godanlren</strong></span> <span class='ocrx_word' id='word_1_293' title='bbox 1103 3839 1160 3892; x_wconf 90' lang='lat' dir='ltr'><strong>und</strong></span> 
     </span>
     <span class='ocr_line' id='line_1_35' title="bbox 71 3922 704 3981; baseline 0.011 -8"><span class='ocrx_word' id='word_1_294' title='bbox 71 3922 141 3976; x_wconf 90' lang='lat' dir='ltr'><strong>wird</strong></span> <span class='ocrx_word' id='word_1_295' title='bbox 159 3922 246 3975; x_wconf 89' lang='lat' dir='ltr'><strong>durch</strong></span> <span class='ocrx_word' id='word_1_296' title='bbox 264 3923 316 3976; x_wconf 89' lang='lat' dir='ltr'><strong>den</strong></span> <span class='ocrx_word' id='word_1_297' title='bbox 331 3923 416 3978; x_wconf 78' lang='lat' dir='ltr'><strong>Datis</strong></span> <span class='ocrx_word' id='word_1_298' title='bbox 428 3926 538 3979; x_wconf 89' lang='lat' dir='ltr'><strong>hervor·</strong></span> <span class='ocrx_word' id='word_1_299' title='bbox 580 3925 704 3981; x_wconf 90' lang='lat' dir='ltr'><strong>Worten.</strong></span> 
     </span>
    </p>

    <p class='ocr_par' dir='ltr' id='par_1_7' title="bbox 55 4005 1180 4577">
     <span class='ocr_line' id='line_1_36' title="bbox 55 4005 1159 4079; baseline 0.001 -21"><span class='ocrx_word' id='word_1_300' title='bbox 55 4023 89 4070; x_wconf 77' lang='lat' dir='ltr'><strong>rn,</strong></span> <span class='ocrx_word' id='word_1_301' title='bbox 116 4005 235 4059; x_wconf 85' lang='lat' dir='ltr'><strong>sondern</strong></span> <span class='ocrx_word' id='word_1_302' title='bbox 262 4007 307 4060; x_wconf 94' lang='lat' dir='ltr'><strong>die</strong></span> <span class='ocrx_word' id='word_1_303' title='bbox 332 4008 429 4062; x_wconf 91' lang='lat' dir='ltr'><strong>innere</strong></span> <span class='ocrx_word' id='word_1_304' title='bbox 447 4007 538 4063; x_wconf 88' lang='lat' dir='ltr'><strong>Betei·</strong></span> <span class='ocrx_word' id='word_1_305' title='bbox 612 4013 636 4064; x_wconf 87' lang='lat'><strong>3.</strong></span> <span class='ocrx_word' id='word_1_306' title='bbox 654 4013 827 4079; x_wconf 72' lang='lat' dir='ltr'><strong>desiderioque</strong></span> <span class='ocrx_word' id='word_1_307' title='bbox 851 4008 924 4076; x_wconf 77' lang='lat' dir='ltr'><strong>vera]</strong></span> <span class='ocrx_word' id='word_1_308' title='bbox 952 4008 1036 4061; x_wconf 81' lang='lat' dir='ltr'><strong>Sina:</strong></span> <span class='ocrx_word' id='word_1_309' title='bbox 1069 4006 1159 4059; x_wconf 86' lang='lat' dir='ltr'><strong>maine</strong></span> 
     </span>
     <span class='ocr_line' id='line_1_37' title="bbox 71 4089 1160 4161; baseline -0.001 -19"><span class='ocrx_word' id='word_1_310' title='bbox 71 4089 120 4142; x_wconf 87' lang='lat' dir='ltr'><strong>der</strong></span> <span class='ocrx_word' id='word_1_311' title='bbox 137 4089 240 4142; x_wconf 84' lang='lat' dir='ltr'><strong>Person</strong></span> <span class='ocrx_word' id='word_1_312' title='bbox 266 4108 302 4144; x_wconf 81' lang='lat' dir='ltr'><strong>sn</strong></span> <span class='ocrx_word' id='word_1_313' title='bbox 320 4091 393 4154; x_wconf 88' lang='lat' dir='ltr'><strong>dem,</strong></span> <span class='ocrx_word' id='word_1_314' title='bbox 418 4110 475 4145; x_wconf 87' lang='lat' dir='ltr'><strong>was</strong></span> <span class='ocrx_word' id='word_1_315' title='bbox 492 4109 538 4161; x_wconf 87' lang='lat' dir='ltr'><strong>ge·</strong></span> <span class='ocrx_word' id='word_1_316' title='bbox 579 4094 708 4148; x_wconf 75' lang='lat' dir='ltr'><strong>fritheren</strong></span> <span class='ocrx_word' id='word_1_317' title='bbox 720 4095 827 4148; x_wconf 88' lang='lat' dir='ltr'><strong>Thaten</strong></span> <span class='ocrx_word' id='word_1_318' title='bbox 842 4093 951 4147; x_wconf 87' lang='lat' dir='ltr'><strong>werden</strong></span> <span class='ocrx_word' id='word_1_319' title='bbox 966 4092 1007 4145; x_wconf 87' lang='lat' dir='ltr'><strong>ost</strong></span> <span class='ocrx_word' id='word_1_320' title='bbox 1023 4089 1160 4153; x_wconf 75' lang='lat' dir='ltr'><strong>erw&#39;ahnt,</strong></span> 
     </span>
     <span class='ocr_line' id='line_1_38' title="bbox 58 4172 1159 4243; baseline 0 -19"><span class='ocrx_word' id='word_1_321' title='bbox 58 4191 75 4225; x_wconf 94' lang='lat' dir='ltr'><strong>n</strong></span> <span class='ocrx_word' id='word_1_322' title='bbox 95 4190 179 4227; x_wconf 88' lang='lat' dir='ltr'><strong>muss.</strong></span> <span class='ocrx_word' id='word_1_323' title='bbox 215 4173 273 4242; x_wconf 85' lang='lat' dir='ltr'><strong>Vgl.</strong></span> <span class='ocrx_word' id='word_1_324' title='bbox 292 4191 335 4243; x_wconf 87' lang='lat' dir='ltr'><strong>ep.</strong></span> <span class='ocrx_word' id='word_1_325' title='bbox 353 4177 378 4242; x_wconf 90' lang='lat'><strong>9,</strong></span> <span class='ocrx_word' id='word_1_326' title='bbox 396 4178 431 4236; x_wconf 85' lang='lat'><strong>2;</strong></span> <span class='ocrx_word' id='word_1_327' title='bbox 452 4178 493 4240; x_wconf 83' lang='lat'><strong>26,</strong></span> <span class='ocrx_word' id='word_1_328' title='bbox 511 4179 538 4241; x_wconf 81' lang='lat'><strong>13</strong></span> <span class='ocrx_word' id='word_1_329' title='bbox 579 4178 637 4231; x_wconf 90' lang='lat' dir='ltr'><strong>und</strong></span> <span class='ocrx_word' id='word_1_330' title='bbox 655 4194 720 4231; x_wconf 89' lang='lat' dir='ltr'><strong>man</strong></span> <span class='ocrx_word' id='word_1_331' title='bbox 739 4177 820 4231; x_wconf 89' lang='lat' dir='ltr'><strong>sebnt</strong></span> <span class='ocrx_word' id='word_1_332' title='bbox 838 4176 897 4230; x_wconf 91' lang='lat' dir='ltr'><strong>sich</strong></span> <span class='ocrx_word' id='word_1_333' title='bbox 916 4175 986 4229; x_wconf 88' lang='lat' dir='ltr'><strong>nach</strong></span> <span class='ocrx_word' id='word_1_334' title='bbox 1001 4174 1082 4241; x_wconf 86' lang='lat' dir='ltr'><strong>jener</strong></span> <span class='ocrx_word' id='word_1_335' title='bbox 1096 4172 1159 4225; x_wconf 87' lang='lat' dir='ltr'><strong>Zeit</strong></span> 
     </span>
     <span class='ocr_line' id='line_1_39' title="bbox 62 4255 1159 4326; baseline -0.003 -17"><span class='ocrx_word' id='word_1_336' title='bbox 62 4273 139 4324; x_wconf 87' lang='lat' dir='ltr'><strong>prov.</strong></span> <span class='ocrx_word' id='word_1_337' title='bbox 157 4273 230 4312; x_wconf 82' lang='lat' dir='ltr'><strong>cons.</strong></span> <span class='ocrx_word' id='word_1_338' title='bbox 249 4261 272 4325; x_wconf 93' lang='lat'><strong>1,</strong></span> <span class='ocrx_word' id='word_1_339' title='bbox 289 4261 312 4311; x_wconf 89' lang='lat'><strong>1.</strong></span> <span class='ocrx_word' id='word_1_340' title='bbox 579 4262 690 4315; x_wconf 84' lang='lat' dir='ltr'><strong>zuriick.</strong></span> <span class='ocrx_word' id='word_1_341' title='bbox 707 4290 741 4299; x_wconf 93' lang='lat'><em>-</em></span> <span class='ocrx_word' id='word_1_342' title='bbox 762 4262 901 4326; x_wconf 74' lang='grc' dir='ltr'><em>βοώπιδος</em></span> <span class='ocrx_word' id='word_1_343' title='bbox 928 4255 1159 4325; x_wconf 64' lang='lat' dir='ltr'><strong>androdamas</strong></span> 
     </span>
     <span class='ocr_line' id='line_1_40' title="bbox 55 4339 1158 4412; baseline -0.001 -20"><span class='ocrx_word' id='word_1_344' title='bbox 55 4340 277 4409; x_wconf 80' lang='lat' dir='ltr'><strong>ampsiceromam]</strong></span> <span class='ocrx_word' id='word_1_345' title='bbox 304 4360 338 4395; x_wconf 89' lang='lat' dir='ltr'><strong>zu</strong></span> <span class='ocrx_word' id='word_1_346' title='bbox 356 4360 401 4410; x_wconf 90' lang='lat' dir='ltr'><strong>ep.</strong></span> <span class='ocrx_word' id='word_1_347' title='bbox 420 4347 445 4410; x_wconf 85' lang='lat'><strong>7,</strong></span> <span class='ocrx_word' id='word_1_348' title='bbox 464 4347 487 4397; x_wconf 89' lang='lat'><strong>1.</strong></span> <span class='ocrx_word' id='word_1_349' title='bbox 504 4372 538 4381; x_wconf 93' lang='grc'><strong>-</strong></span> <span class='ocrx_word' id='word_1_350' title='bbox 578 4344 708 4412; x_wconf 90' lang='lat' dir='ltr'><strong>ironisch,</strong></span> <span class='ocrx_word' id='word_1_351' title='bbox 725 4346 790 4398; x_wconf 90' lang='lat' dir='ltr'><strong>weil</strong></span> <span class='ocrx_word' id='word_1_352' title='bbox 807 4345 846 4397; x_wconf 87' lang='lat' dir='ltr'><strong>sie</strong></span> <span class='ocrx_word' id='word_1_353' title='bbox 864 4345 940 4398; x_wconf 83' lang='lat' dir='ltr'><strong>seina</strong></span> <span class='ocrx_word' id='word_1_354' title='bbox 957 4339 1076 4396; x_wconf 88' lang='lat' dir='ltr'><strong>Feindin</strong></span> <span class='ocrx_word' id='word_1_355' title='bbox 1093 4355 1158 4392; x_wconf 87' lang='lat' dir='ltr'><strong>war.</strong></span> 
     </span>
     <span class='ocr_line' id='line_1_41' title="bbox 55 4423 1159 4496; baseline -0.002 -19"><span class='ocrx_word' id='word_1_356' title='bbox 55 4424 133 4492; x_wconf 77' lang='lat' dir='ltr'><strong>scere]</strong></span> <span class='ocrx_word' id='word_1_357' title='bbox 168 4425 232 4478; x_wconf 82' lang='lat' dir='ltr'><strong>klor</strong></span> <span class='ocrx_word' id='word_1_358' title='bbox 258 4426 326 4495; x_wconf 86' lang='lat' dir='ltr'><strong>geht</strong></span> <span class='ocrx_word' id='word_1_359' title='bbox 360 4444 410 4481; x_wconf 88' lang='lat' dir='ltr'><strong>aus</strong></span> <span class='ocrx_word' id='word_1_360' title='bbox 444 4426 536 4479; x_wconf 89' lang='lat' dir='ltr'><strong>dieser</strong></span> <span class='ocrx_word' id='word_1_361' title='bbox 577 4456 610 4466; x_wconf 92' lang='lat'><em>-</em></span> <span class='ocrx_word' id='word_1_362' title='bbox 628 4431 715 4482; x_wconf 76' lang='lat' dir='ltr'><strong>ceteris</strong></span> <span class='ocrx_word' id='word_1_363' title='bbox 728 4447 796 4496; x_wconf 81' lang='lat' dir='ltr'><strong>praa</strong></span> <span class='ocrx_word' id='word_1_364' title='bbox 814 4447 839 4481; x_wconf 79' lang='lat' dir='ltr'><strong>rc</strong></span> <span class='ocrx_word' id='word_1_365' title='bbox 850 4425 920 4495; x_wconf 77' lang='lat' dir='ltr'><strong>fert]</strong></span> <span class='ocrx_word' id='word_1_366' title='bbox 942 4441 1031 4495; x_wconf 86' lang='lat' dir='ltr'><strong>gagen</strong></span> <span class='ocrx_word' id='word_1_367' title='bbox 1048 4423 1094 4477; x_wconf 92' lang='lat' dir='ltr'><strong>die</strong></span> <span class='ocrx_word' id='word_1_368' title='bbox 1112 4439 1159 4475; x_wconf 87' lang='lat' dir='ltr'><strong>an·</strong></span> 
     </span>
     <span class='ocr_line' id='line_1_42' title="bbox 56 4502 1180 4577; baseline 0.008 -16"><span class='ocrx_word' id='word_1_369' title='bbox 56 4510 108 4562; x_wconf 84' lang='lat' dir='ltr'><strong>wie</strong></span> <span class='ocrx_word' id='word_1_370' title='bbox 125 4508 284 4577; x_wconf 71' lang='lat' dir='ltr'><strong>uberhaupt</strong></span> <span class='ocrx_word' id='word_1_371' title='bbox 302 4526 351 4565; x_wconf 86' lang='lat' dir='ltr'><strong>aus</strong></span> <span class='ocrx_word' id='word_1_372' title='bbox 361 4509 534 4566; x_wconf 83' lang='lat' dir='ltr'><strong>denBrielen</strong></span> <span class='ocrx_word' id='word_1_373' title='bbox 576 4512 660 4568; x_wconf 90' lang='lat' dir='ltr'><strong>deren</strong></span> <span class='ocrx_word' id='word_1_374' title='bbox 679 4514 791 4568; x_wconf 76' lang='lat' dir='ltr'><strong>tussert</strong></span> <span class='ocrx_word' id='word_1_375' title='bbox 805 4529 835 4568; x_wconf 90' lang='lat' dir='ltr'><strong>er</strong></span> <span class='ocrx_word' id='word_1_376' title='bbox 849 4502 1180 4576; x_wconf 43' lang='lat' dir='ltr'><strong>eschen-morem&amp;</strong></span> 
     </span>
    </p>
   </div>
   <div class='ocr_carea' id='block_1_7' title="bbox 0 0 1306 4890">
    <p class='ocr_par' dir='ltr' id='par_1_8' title="bbox 0 0 1306 4890">
     <span class='ocr_line' id='line_1_43' title="bbox 0 0 1306 4890; baseline 0 0"><span class='ocrx_word' id='word_1_377' title='bbox 0 0 1306 4890; x_wconf 95' lang='lat' dir='ltr'><strong> </strong></span> 
     </span>
    </p>
   </div>
  </div>
 </body>
</html>
