2602 4890
3 154 7 165 Ι
108 191 171 255 436
328 164 331 171 ¹
600 185 644 239 Ad
661 186 727 239 fem.
744 181 779 248 X,
795 186 820 237 3.

478 352 650 419 CXXXIV.
671 352 727 438 (ad
748 351 824 416 lam.
845 351 885 430 X,
908 352 950 448 3.)

110 503 167 559 Ser.
185 503 291 559 Romae
310 502 431 558 exeunte
458 521 496 557 m.
513 503 673 572 Septembri
699 503 742 556 vel
760 501 874 556 Octobri
899 502 1016 557 ineunte
1042 505 1076 557 A.
1095 503 1128 558 U.
1146 506 1172 558 Ο.
1188 508 1208 558 71

487 636 643 702 CICERO
665 635 833 702 PLANCO
855 635 941 705 sut.

69 794 83 843 1
195 771 276 837 Gum
294 773 399 856 ipsum
417 769 576 836 Furnium
592 791 651 855 per
673 791 706 835 se
724 771 789 835 vidi
808 770 1030 851 libentissime,
1050 779 1122 840 tum
1139 777 1197 842 hoc

111 873 186 951 tius,
209 873 296 956 quod
318 873 410 938 illum
434 873 567 938 audiens
589 878 621 936 te
643 871 779 936 videbar
801 872 920 936 audire.
965 872 1049 938 Nam
1072 882 1105 940 et
1126 877 1159 940 iu
1178 899 1207 942 re

111 975 178 1039 tari
200 975 354 1039 virtutem
368 981 401 1039 et
422 975 457 1038 in
480 972 736 1038 administranda
757 973 924 1056 provincia
945 975 1105 1040 iustitiam
1127 984 1158 1042 et
1177 980 1204 1042 in

112 1095 228 1157 genere
250 1074 456 1158 prudentiam
486 1074 566 1138 mihi
595 1080 687 1138 tuam
718 1073 868 1155 exposuit
899 1080 931 1138 et
961 1082 1135 1157 praeterea
1154 1079 1208 1141 mih

111 1175 259 1256 ignotam
289 1175 322 1239 in
353 1174 586 1240 consuetudine
616 1181 649 1239 et
670 1173 892 1238 familiaritate
914 1176 1109 1241 suavitatem
1130 1186 1208 1245 tuan

112 1276 219 1341 iunxit
236 1282 407 1358 praeterea
424 1295 582 1340 summam
602 1295 679 1356 erga
697 1295 730 1338 se
747 1273 996 1355 liberalitatem,
1016 1298 1101 1360 quae
1119 1281 1208 1344 omnia

113 1375 265 1456 iucunda,
289 1377 350 1441 hoc
372 1382 551 1440 extremum
574 1376 672 1440 etiam
694 1381 824 1457 gratum
845 1375 917 1439 fuit.

71 1490 88 1540 2
198 1477 286 1559 Ego,
317 1476 445 1554 Plance,
475 1475 743 1541 necessitudinem
773 1477 985 1542 constitutam
1008 1479 1110 1544 habui
1131 1502 1195 1546 cun

114 1584 222 1643 vestra
244 1582 320 1642 ante
342 1578 522 1660 aliquanto,
544 1597 642 1660 quam
664 1582 701 1640 tu
722 1583 819 1641 natus
837 1597 879 1656 es,
903 1599 1046 1642 amorem
1067 1592 1172 1646 autem
1186 1603 1208 1645 er

115 1679 157 1744 ab
178 1679 310 1743 ineunte
340 1677 480 1761 pueritia
509 1682 577 1756 tua,
609 1675 800 1741 confirmata
829 1677 895 1741 iam
925 1683 1035 1743 aetate
1067 1680 1207 1746 familiari

24 1846 27 1851 ,
115 1801 188 1844 cum
215 1778 323 1843 studio
353 1798 433 1856 mee,
464 1784 535 1842 tum
565 1776 684 1841 iudicio
715 1783 773 1841 tuo
804 1777 1033 1842 constitutam:
1065 1780 1116 1846 his
1148 1782 1208 1846 de<

115 1879 307 1946 mirabiliter
329 1879 423 1943 faveo
445 1877 599 1960 dignitati
616 1883 703 1956 tuac,
727 1897 825 1959 quam
847 1879 927 1942 mihi
949 1885 1057 1944 tecum
1075 1883 1208 1948 statuod

116 2003 183 2048 esse
215 2002 423 2047 communem.
479 1980 596 2046 Omnia
627 2001 754 2044 summa
784 1987 974 2046 consecutus
1008 2004 1041 2047 es
1080 1986 1193 2049 virtute

116 2083 233 2151 comite
251 2084 397 2160 fortuna,
420 2100 522 2164 eaque
544 2101 577 2144 es
599 2080 735 2163 adeptus
754 2079 939 2144 adulescens
961 2083 1073 2147 multis
1095 2085 1208 2149 inviden

117 2207 197 2269 quos
219 2184 346 2267 ingenio
376 2182 601 2264 industriaque
622 2181 766 2263 fregisti:
798 2203 883 2246 nunc
912 2203 962 2246 ine
985 2184 1208 2249 amantissima]

117 2285 238 2352 nemini
255 2283 492 2361 concedentem,
511 2283 569 2365 qui
586 2282 648 2347 tibi
659 2287 822 2346 vetustate
839 2282 1083 2347 necessitudinis
1096 2287 1198 2368 potior

118 2408 195 2467 esse,
218 2386 246 2450 si
268 2386 389 2465 audies,
420 2405 547 2450 omnem
569 2383 631 2448 tibi
651 2383 796 2465 reliquae
818 2384 904 2447 vitae
925 2384 1118 2466 dignitatem
1139 2407 1208 2449 exc

77 2505 93 2556 3
119 2489 166 2553 rei
183 2486 331 2571 publicae
349 2492 438 2550 statu
456 2485 612 2567 acquires.
646 2483 713 2546 Scis
731 2483 877 2566 profecto
899 2522 941 2534 -
962 2485 1045 2548 nihil
1063 2487 1147 2550 enim
1164 2493 1192 2550 te

120 2589 228 2674 potuit
250 2587 409 2650 —fuisse
431 2583 596 2668 quoddam
618 2591 757 2666 tempus,
780 2605 853 2648 cum
875 2584 1020 2649 hemines
1040 2587 1208 2651 existiman

120 2691 215 2755 nimis
245 2688 364 2752 servire
393 2686 613 2771 temporibus,
647 2685 736 2768 quod
768 2707 828 2768 ego
860 2707 989 2768 quoque
1020 2689 1208 2753 existimarer

120 2793 147 2856 si
168 2812 215 2870 ea,
238 2810 321 2873 quae
339 2788 517 2871 patiebare,
539 2787 680 2870 probare
699 2787 796 2851 etiam
815 2787 1013 2865 arbitrarer;
1037 2789 1094 2853 sed
1112 2791 1208 2853 cumi

121 2913 238 2975 genem,
270 2889 349 2972 quid
372 2889 515 2963 sentires,
549 2893 581 2949 te
612 2884 798 2949 arbitrabar
819 2884 934 2965 videre,
966 2887 1047 2969 quid
1077 2910 1190 2971 posses.

439 3027 540 3034 ————

155 3094 303 3152 CXXXIV.
329 3094 455 3146 Plancus'
472 3092 562 3160 Legat
585 3089 705 3141 Furnius
747 3145 752 3154 ,
780 3091 805 3142 2.
823 3092 855 3141 cb
872 3093 976 3143 ineunte
993 3090 1120 3159 pueritia]
1135 3111 1154 3145 s.
1178 3110 1205 3144 zu

122 3199 180 3234 war
197 3177 425 3232 wahrscheinlich
451 3193 485 3227 zu
502 3175 579 3228 einer
596 3171 706 3226 Senatu·
750 3177 789 3227 16.
810 3203 839 3210 -
857 3176 951 3226 indicio
967 3185 1011 3227 tuo
1030 3174 1208 3242 constitutam<

123 3267 234 3331 sitzuug
252 3267 327 3328 (vom
354 3264 393 3315 19.
411 3257 575 3326 September
584 3256 608 3322 i)
635 3255 706 3309 nach
749 3259 875 3312 derholte
900 3260 1063 3310 constitutam
1095 3259 1158 3312 deul
1179 3258 1208 3310 ni

123 3350 195 3402 Rom
221 3348 392 3415 gekommen,
418 3344 476 3396 und
502 3343 561 3394 ihm
584 3358 649 3408 mag
666 3341 708 3394 ci·
750 3341 852 3409 stdssig
862 3342 1042 3409 erscheinen3
1060 3343 1105 3396 die
1115 3342 1208 3395 Wiedei

124 3449 187 3486 cero
212 3429 405 3496 vorliegenden
427 3427 506 3480 Brief
529 3424 708 3494 mitgegeben
750 3426 892 3480 desselben
905 3425 1016 3479 Wortes
1036 3428 1074 3479 ist
1092 3427 1152 3480 hier
1167 3426 1208 3478 ebs

125 3516 232 3568 haben:
261 3513 320 3578 „die
338 3511 519 3563 lnhaltsleere
538 3510 585 3562 des
604 3508 708 3560 Briefes
751 3510 797 3562 des
823 3509 1004 3562 Nachdrucks
1038 3510 1143 3563 balber.
1176 3540 1201 3549 —

125 3598 232 3652 erkliirt
258 3595 316 3646 sich
343 3612 388 3646 am
414 3595 523 3660 besten,
549 3611 630 3647 wenn
658 3593 709 3645 wir
750 3596 822 3659 duce,
840 3595 927 3645 comite
947 3593 1071 3660 fortuna]
1100 3594 1144 3647 die
1167 3593 1208 3648 chi

126 3679 293 3742 annebmen,
309 3676 371 3729 dass
390 3676 576 3745 equreignis
596 3676 710 3730 vonBe-
751 3676 833 3729 Form
865 3675 934 3728 hebt
960 3677 1025 3729 sehr
1053 3678 1138 3730 schlin
1163 3677 1202 3729 die

127 3766 252 3830 deutung
270 3760 327 3814 sich
345 3761 415 3813 noch
442 3761 521 3813 nicht
537 3765 709 3829 zugetragen
751 3759 861 3813 Glieder
887 3776 977 3827 gegeu
1006 3761 1141 3815 einander
1168 3761 1208 3813 her

126 3847 191 3901 hat“
212 3846 312 3913 (Ruete
330 3861 357 3912 p.
376 3844 427 3909 33).
751 3846 931 3907 concedentem,
948 3840 1002 3912 qni]
1020 3863 1053 3897 zu
1072 3863 1116 3913 ep.
1136 3847 1187 3906 105,
1204 3847 1208 3893 l

162 3936 185 3984 1.
203 3940 226 3981 et
232 3939 386 3995 praetcrea.
397 3968 403 3980 .
415 3967 421 3980 .
432 3967 437 3989 ‚
445 3927 593 3994 praeterea]
605 3936 627 3977 et
635 3945 709 3992 prac-
785 3931 809 3980 3.
826 3929 921 3980 seruire
938 3927 1103 3996 temporibus]
1130 3945 1208 3997 wegcr

129 4027 199 4067 terea
225 4014 351 4066 echliesst
378 4010 435 4064 sich
462 4029 498 4063 an
533 4011 577 4064 die
600 4012 711 4065 vorher·
752 4028 842 4079 engen
861 4011 1043 4064 Auschlussee
1061 4029 1097 4065 an
1109 4014 1194 4077 Cisar,

129 4098 272 4167 geheuden
304 4096 414 4150 Glieder
440 4104 463 4145 et
480 4137 487 4147 .
505 4135 537 4148 ..
564 4103 587 4145 ct
613 4104 710 4148 ...ει
752 4095 827 4147 Einl.
844 4113 877 4147 zu
895 4110 937 4160 ep.
957 4097 1015 4147 132.
1033 4123 1066 4131 —
1084 4098 1207 4148 existimer

129 4180 328 4250 gleichm'rissig
353 4198 406 4244 an,
440 4179 489 4232 dae
515 4180 611 4230 aweite
632 4195 712 4242 prce·
753 4175 946 4245 siarbitrarer]
973 4179 1042 4232 iiber
1059 4179 1105 4233 die
1128 4180 1208 4246 lmper

130 4277 200 4318 terea
233 4263 299 4316 aber
333 4264 460 4316 schliesst
494 4261 566 4315 ohne
588 4272 627 4326 et,
660 4262 711 4314 wie
753 4263 808 4315 ΡΑ.
826 4262 860 4327 II,
879 4264 919 4328 64,
936 4263 961 4314 4.
978 4290 1012 4299 —
1029 4265 1094 4330 quid
1107 4259 1194 4331 poesec]

128 4347 200 4400 auch
227 4348 342 4415 deniqne,
368 4347 413 4400 die
439 4345 527 4400 Reihe
554 4346 597 4399 ab.
618 4374 646 4383 -
671 4348 713 4397 iu·
754 4348 804 4414 nig
832 4346 870 4398 du
898 4344 1025 4412 (damals)
1046 4346 1208 4400 vermochtes

191 4432 267 4484 lc...
283 4429 399 4498 gratam]
417 4449 451 4483 zu
469 4448 512 4498 ep.
530 4433 553 4498 6,
571 4433 594 4484 6.
754 4429 882 4484 schwach
902 4428 966 4482 dein
985 4429 1163 4484 Widerstand
1178 4427 1208 4480 Gi
