2602 4890
61 168 80 239 ‚1
426 169 471 224 ss
495 168 561 223 fam.
578 168 638 239 xv,
655 171 679 223 ι.
1097 174 1157 238 231

61 335 158 403 dccia
180 334 376 402 Parthorum
406 334 516 418 copias
545 356 671 403 aversas
700 356 764 401 non
794 335 890 420 longe
913 336 1072 404 afinibus
1093 359 1160 405 esso

60 456 93 515 e,
125 457 226 520 quarn
255 436 349 521 potui
379 436 528 501 maximis
548 436 718 503 itineribus
740 435 783 501 ad
804 437 964 502 Amanum
985 439 1160 505 exercitum

79 536 153 614 Quo
169 543 209 601 ut
227 537 308 616 veni,
330 536 454 601 hostem
473 536 515 601 ab
533 536 707 603 Antiochia
723 538 900 617 recessisse,
923 537 1076 602 Bibulum
1094 539 1159 604 An-

60 658 91 701 te
120 658 189 703 esse
219 638 371 720 cognovi3
403 637 591 703 Deiotarum
621 638 790 703 confestim
810 638 874 703 iam
898 637 940 703 ad
961 660 1012 704 me
1033 641 1161 705 venien·

59 759 122 802 :um
152 759 269 821 magno
298 745 331 804 et
351 738 445 805 firmo
466 739 616 822 equitatu
638 744 670 803 et
691 739 839 822 peditatu
862 745 895 805 ct
917 760 987 804 oum
1012 740 1161 805 omnibus

59 839 141 922 opiis
163 840 331 905 certiorem
348 840 409 904 feci
431 859 496 904 non
518 837 617 904 videri
640 859 707 905 esse
729 860 880 919 causam,
913 860 971 905 cur
992 839 1120 905 abesset
1141 860 1162 906 a

59 996 61 1007 ,
84 960 199 1022 meque
221 939 264 1006 ad
285 961 368 1019 eum,
390 940 419 1004 si
440 939 519 1023 quid
540 941 616 1003 nori
636 940 721 1005 forte
742 939 922 1020 accidisset,
944 942 1055 1007 statim
1072 940 1161 1005 litte-

59 1041 231 1123 untiosque
262 1042 435 1105 missurum
463 1060 549 1119 esse;
579 1060 716 1123 cumque
737 1061 775 1106 eo
797 1041 905 1106 animo
927 1041 1091 1121 venissem,
1123 1048 1160 1107 ut
1186 1041 1204 1094 8

58 1161 83 1204 ie
100 1142 292 1223 provinciae,
314 1142 342 1206 si
359 1142 408 1205 ita
424 1146 551 1224 tempus
569 1142 677 1219 ferret,
696 1139 907 1219 subvenirem,
924 1148 993 1205 tum
1013 1141 1055 1218 id,
1073 1142 1162 1225 quod

58 1246 126 1305 unte
147 1248 326 1308 statueram
356 1243 561 1307 vehementer
590 1242 742 1307 interesse
775 1243 944 1325 utriusque
972 1241 1162 1324 provincias,

58 1362 70 1405 e
107 1344 265 1407 Amanum
301 1350 333 1409 et
367 1350 560 1426 perpetuum
595 1342 720 1407 hostem
754 1361 794 1405 ex
828 1361 865 1406 eo
901 1348 1010 1405 monte
1040 1340 1162 1419 tollere,

71 1441 213 1523 perrexi,
237 1462 374 1524 cumque
396 1462 447 1505 me
468 1439 629 1505 discedere
651 1440 693 1505 ab
715 1461 752 1505 ec
774 1446 884 1505 monte
906 1440 1104 1505 simulassem
1128 1446 1163 1505 et

57 1547 168 1625 partes
187 1540 317 1606 Ciliciae
339 1547 449 1624 petere
471 1541 679 1625 abessemque
702 1540 744 1605 ab
762 1541 888 1605 Amano
906 1543 968 1606 iter
986 1541 1081 1605 unius
1100 1539 1163 1605 diei

57 1647 115 1706 utra
138 1640 225 1723 apud
246 1641 462 1724 Epiphaniam
484 1641 644 1719 fecissem,
675 1661 703 1705 a
725 1639 754 1703 d.
782 1668 813 1708 ιν
841 1639 887 1708 ld.
909 1640 989 1721 Oct,
1011 1662 1084 1705 cum
1106 1640 1163 1706 ad·

57 1749 199 1819 rasceret,
222 1741 371 1825 expedito
393 1741 536 1806 exercitu
557 1741 606 1806 ita
622 1747 720 1806 noctu
739 1741 801 1806 iter
819 1741 889 1820 feci,
911 1748 993 1805 uta
1012 1740 1042 1805 d.
1060 1768 1096 1808 111
1115 1741 1162 1806 Id·

59 1862 134 1905 cum
155 1841 332 1922 lucisceret,
355 1842 388 1905 in
411 1844 568 1906 Amanum
590 1843 805 1920 ascenderem,
837 1841 1082 1925 distributisque
1112 1862 1163 1909 cc·

56 1963 106 2006 ›us
127 1947 159 2005 et
181 1943 326 2022 auxiliis,
357 1963 430 2007 oum
452 1942 524 2007 aliis
545 1942 684 2019 Quintus
704 1943 806 2007 frater
827 1942 956 2025 legatus
978 1963 1100 2007 mecum
1121 1943 1164 2007 si-

56 2043 127 2106 aliis
159 2041 192 2108 C.
213 2040 404 2124 Pomptinus
425 2042 564 2125 legatus,
596 2042 728 2125 reliquis
750 2042 792 2110 M.
815 2044 957 2107 Anneius
976 2051 1009 2107 et
1031 2042 1066 2110 L.
1088 2042 1164 2107 Tul·

56 2143 150 2225 .egati
176 2149 372 2225 praeessent,
402 2143 574 2226 plerosque
594 2143 823 2226 necopinantes
853 2144 1079 2226 oppressimus,
1108 2143 1165 2226 qui

75 2243 226 2326 captique
247 2249 331 2322 sunt,
363 2244 530 2309 interclusi
558 2245 645 2326 fuga
690 2244 832 2310 Eranam
858 2250 977 2323 autem,
999 2259 1083 2327 quae
1104 2243 1207 2307 suite

55 2345 103 2408 ici
125 2345 238 2422 instar,
270 2343 327 2408 sed
349 2344 448 2423 urbis,
479 2343 567 2429 quod
589 2350 659 2410 orat
681 2346 798 2411 Amani
819 2352 927 2427 caput,
948 2345 1090 2426 itemque
1111 2344 1165 2409 Se·

55 2466 69 2506 n
93 2449 126 2509 et
150 2442 353 2523 Commorim,
380 2443 499 2509 acriter
521 2451 554 2509 et
576 2444 631 2507 diu
653 2445 910 2528 repugnantibus
931 2443 1105 2526 Pomptino
1127 2442 1165 2507 il-

55 2550 170 2609 ›artem
192 2544 309 2609 Amani
329 2545 462 2623 tenenti,
485 2566 524 2609 ex
547 2545 741 2610 antelucano
763 2551 906 2629 tempore
928 2565 1029 2628 usque
1048 2544 1088 2608 ad
1107 2542 1165 2609 ho·

54 2645 119 2709 diei
148 2671 169 2709 x
192 2664 310 2726 magna
331 2644 540 2709 multitudine
561 2645 704 2710 hostium
728 2647 831 2711 occisa
853 2645 993 2728 cepimus
1016 2643 1164 2709 castella·

54 2747 74 2808 ri
98 2751 196 2827 capta
218 2744 383 2827 complura
404 2744 612 2811 incendimus.
654 2744 714 2809 His
743 2745 840 2810 rebus
869 2746 916 2809 ita
937 2747 1035 2826 gestis
1057 2748 1166 2808 castra

57 2846 183 2911 dicibus
204 2846 318 2910 Amani
340 2844 514 2911 habuimus
537 2845 624 2929 apud
645 2846 727 2911 Aras
749 2845 923 2910 Alexandri
945 2844 1165 2927 quadriduum

53 3063 539 3132 amcoderommierhaltenhat3mci·
615 3071 638 3122 8.
656 3070 758 3136 utrique
773 3063 930 3135 provincias]
957 3064 1085 3118 diesseits
1108 3064 1167 3117 und

53 3150 157 3202 recidere
174 3146 261 3201 heisst
283 3150 398 3215 putatet
416 3148 539 3202 vernich·
579 3150 694 3218 jeuseits
721 3151 769 3205 des
786 3153 920 3211 Amanus.
936 3176 970 3186 —
987 3150 1020 3202 L.
1052 3145 1165 3216 dicitius]

53 3231 97 3284 uie
123 3233 251 3283 maseato
277 3250 383 3285 carrera
411 3231 457 3285 bei
484 3232 539 3286 den
582 3235 626 3289 ein
646 3233 828 3288 Verwandter
853 3251 906 3288 von
932 3232 1024 3287 Cicero
1051 3248 1109 3285 war
1135 3246 1167 3286 er

53 3331 109 3368 :ern
126 3317 221 3367 sunm
238 3315 330 3368 lausen
349 3315 406 3368 und
423 3334 481 3368 core
498 3334 538 3368 co·
577 3318 724 3385 jedenialls
750 3316 836 3370 nicht.
862 3348 892 3356 -
922 3318 1053 3370 interclusi
1077 3311 1162 3383 faya]

52 3399 77 3450 ei
97 3397 260 3466 Virgilium
284 3398 374 3453 rufen.
408 3399 475 3453 sust
497 3400 539 3453 bis
580 3402 645 3455 Abl.
662 3401 712 3455 der
729 3400 889 3468 Trennung.

52 3481 291 3535 lukenntlicbkeit
325 3481 539 3551 abgsschw'acht
613 3488 638 3540 9.
654 3486 732 3550 orbis,
748 3486 815 3551 quod
837 3493 893 3537 erat
967 3480 1054 3550 caput]
1071 3499 1104 3534 zu
1121 3497 1166 3549 sp.

52 3582 58 3596 ·
82 3565 159 3618 reine
177 3566 323 3620 Ablatirus
340 3567 538 3635 etymologicus
580 3571 622 3636 46,
647 3571 671 3622 5.
687 3596 722 3605 -
739 3568 867 3636 Sepyram
890 3563 1051 3632 Commorim]
1086 3568 1165 3618 soust

70 3649 116 3701 bei
126 3649 219 3703 Cicero
236 3648 537 3703 undCiisarbeliebten
581 3651 803 3705 nichtbeksnnt.
820 3678 854 3688 -
870 3645 1083 3718 repugnantibus]
1097 3648 1165 3701 iiber

56 3734 199 3785 lomm'bos
214 3734 330 3799 precibus
351 3744 436 3800 petere
453 3732 539 3799 (orare
581 3735 631 3788 das
655 3735 729 3788 beim
749 3734 843 3786 Ablat.
870 3734 927 3787 aba.
953 3730 1080 3785 ishlende
1097 3728 1168 3783 Sub·

52 3857 58 3882 ,
81 3818 107 3883 3)
125 3835 157 3857 =
175 3818 302 3882 immodiq
328 3816 428 3881 bitten,
454 3817 539 3871 deren
578 3818 705 3886 jektPA.
722 3817 758 3881 ΙΙ,
770 3818 825 3881 136,
835 3819 917 3871 Διιιιι.
926 3819 951 3870 2.
961 3812 1012 3868 ES.
1023 3815 1074 3867 338
1083 3829 1107 3866 a.
1117 3811 1167 3877 Ε.;

51 3901 120 3955 oller
136 3898 272 3953 Vorfahre
288 3899 333 3953 ein
348 3902 466 3967 precibus
478 3918 539 3967 pre·
581 3902 621 3956 als
647 3900 764 3969 Subjekt
795 3900 832 3954 ist
866 3919 900 3953 zu
933 3900 1088 3967 ergitnzen:
1121 3895 1167 3948 dis

51 3999 163 4048 :ewesen
181 3984 241 4036 sein
263 3986 354 4039 muse!
386 3982 538 4051 Landgraf.
581 3984 748 4038 Einwohner
765 3984 814 4037 der
831 3986 991 4053 genannten
1009 3979 1115 4033 Stiidte.
1133 4008 1166 4018 -

51 4070 105 4119 mm'
125 4069 296 4133 festinatione
308 4086 451 4136 properare
472 4068 538 4121 fam.
581 4070 651 4121 Arca
667 4065 827 4135 Menandri]
838 4064 996 4119 Alexander
1014 4063 1166 4132 (imperator

54 4155 80 4218 ὅ,
97 4156 122 4209 3.
139 4180 173 4189 -
189 4154 227 4204 ad
244 4148 389 4219 Amanum]
406 4150 471 4204 iam.
489 4150 539 4217 111,
580 4153 653 4205 houd
675 4154 758 4219 paulo
783 4153 872 4204 melior
895 4167 975 4217 quam
1001 4158 1047 4200 cut
1070 4158 1100 4201 tu
1117 4157 1164 4200 act

69 4237 150 4289 Tamo
158 4238 243 4289 Nomio
254 4237 397 4291 Octobribus
405 4236 540 4287 Amcmccm
580 4255 632 4303 cqc,
658 4235 710 4289 wie
735 4250 766 4289 er
791 4232 941 4287 scherzend
962 4233 1024 4286 Att.
1042 4230 1073 4297 V,
1091 4233 1166 4297 20,3

50 4322 282 4388 prosecticcmus5
300 4320 462 4386 boccccripm‘
470 4328 539 4386 pcrt-
581 4318 656 4389 sagt)
690 4318 770 4372 hatte
797 4317 868 4372 nach
895 4316 944 4371 der
966 4312 1095 4369 Schlacht
1121 4314 1166 4369 bei

50 4408 97 4457 nm
113 4406 173 4465 diei,
191 4412 353 4457 cumcuma
377 4405 493 4457 haberem
510 4404 539 4455 io
580 4404 655 4457 Issus
673 4419 737 4456 sum
752 4400 908 4455 Andenken
935 4415 971 4452 su
990 4399 1086 4452 seinen
1103 4396 1166 4466 Sisg

49 4490 232 4557 uopommtaa
583 4486 642 4542 drei
659 4487 759 4541 Altitre
776 4485 841 4541 dem
859 4482 942 4553 Zeus,
956 4482 1096 4539 llerulules
1108 4480 1174 4533 und
