2602 4890
370 187 416 240 Ad
433 187 500 240 fam.
518 186 581 254 XII,
598 189 623 240 3.
916 240 919 245 .
1052 191 1113 253 435

55 355 213 433 naberem,
235 355 314 439 quid
332 354 423 421 vobis
445 354 557 419 darem
576 355 721 420 consilii!
744 355 800 420 sed
821 365 862 420 ne
879 355 959 419 mihi
981 354 1114 438 quidem

55 457 111 521 erio
134 456 214 540 quid
236 455 417 521 iaciendum
436 456 498 535 sit;
521 456 601 539 quid
622 457 707 520 enim
729 462 788 535 est,
811 456 899 540 quod
917 461 1032 521 contra
1049 457 1112 520 vim

55 556 121 621 fieri
141 557 269 640 possit?
310 555 486 620 Consilium
514 577 607 621 omne
629 560 738 621 autem
760 556 823 621 hoc
844 562 893 621 est
913 556 1053 634 illorum,
1075 563 1113 621 ut
1138 576 1157 627 a

55 657 199 723 Caesaris
213 664 463 741 persequentum
482 657 594 741 itaque
611 664 688 722 ante
705 657 789 723 diem
810 686 842 725 v1
859 656 1021 725 NonOot.
1038 677 1113 740 pro·

55 781 73 821 n
95 760 276 824 contionem
300 781 320 823 a
343 757 503 824 Cannutio
531 758 717 842 turpissime
734 758 788 822 ille
806 758 936 841 quidem
958 757 1113 836 discessit,

55 881 88 924 en
111 881 148 924 ea
170 859 253 924 dixit
275 858 315 924 de
336 859 617 925 conservatoribus
638 860 775 942 patriae,
807 880 894 943 quae
931 858 996 924 dici
1017 858 1113 923 debe·

58 960 298 1044 proditoribus3
321 959 360 1024 de
382 981 434 1024 me
455 959 585 1042 quidem
602 981 667 1024 non
686 959 885 1038 dubitanter,
908 961 986 1043 quin
1005 959 1114 1025 omnia

71 1060 203 1126 consilio
237 1068 270 1126 et
301 1082 355 1125 vos
378 1061 536 1126 fecissetis
566 1067 599 1126 et
621 1061 802 1125 Cannutius
823 1061 953 1128 faceret.
998 1059 1113 1126 Cetera

55 1162 103 1226 ndi
120 1163 195 1241 sint,
218 1183 257 1225 ex
278 1162 340 1226 hoc
358 1161 476 1239 iudica,
499 1161 587 1244 quod
605 1161 714 1244 legato
736 1166 794 1226 tuo
812 1161 967 1225 viaticum
984 1161 1112 1244 eripue-

54 1263 102 1326 rid
124 1285 178 1328 eos
199 1264 407 1347 interpretari
430 1270 537 1345 putas,
560 1283 634 1327 cum
655 1265 718 1327 hoc
739 1262 889 1327 iaciunt?
922 1262 965 1326 ad
986 1263 1111 1328 hostem

55 1367 182 1447 portari.
227 1364 254 1430 O
277 1387 344 1430 rem
366 1365 535 1429 miseram!
559 1365 724 1429 dominum
747 1366 831 1429 ferre
852 1386 918 1430 non
936 1365 1111 1446 potuimus,

77 1469 241 1530 servimus.
284 1466 328 1531 Et
350 1473 468 1546 tamen,
492 1487 542 1530 me
564 1464 695 1548 quidem
726 1466 856 1530 favente
886 1466 989 1547 magis
1011 1485 1110 1548 quam

54 1617 61 1643 ,
83 1567 181 1629 etiam
212 1586 297 1630 nunc
319 1565 438 1629 residet
468 1585 540 1647 spes
562 1566 595 1628 in
617 1565 738 1629 virtute
764 1571 831 1631 tua.
873 1565 936 1630 Sed
958 1565 1013 1630 ubi
1035 1574 1112 1632 sunt

60 1667 99 1729 de
121 1664 246 1748 reliquo
264 1665 348 1730 malo
366 1672 400 1730 te
417 1665 523 1747 ipsum
540 1669 648 1729 tecum
666 1664 758 1747 loqui
776 1686 874 1748 quam
892 1673 1007 1732 nostra
1024 1667 1114 1731 dicta

55 1787 104 1831 re.
147 1766 235 1830 Vale.

57 2085 122 2154 (vgl.
149 2101 193 2152 ep.
221 2085 312 2150 128,2
335 2083 392 2136 und
411 2083 484 2138 Phil.
526 2084 614 2138 durch
641 2084 673 2153 (s.
691 2085 736 2139 die
753 2087 902 2155 folgenden
918 2087 1032 2143 Worte:
1058 2101 1112 2143 tar

522 2170 628 2236 pissime
644 2171 688 2222 ure
705 2171 807 2238 quidem
825 2169 956 2238 discessit),
973 2173 1037 2225 teile
1049 2176 1110 2228 weil

55 2263 112 2304 ,cras
137 2254 166 2303 in
183 2253 322 2305 contionem
340 2272 357 2304 a
379 2253 483 2304 Canau-
526 2251 680 2305 Cannutius
706 2270 794 2322 gagen
821 2252 870 2306 ihn
898 2256 1017 2324 sprach,
1047 2259 1111 2312 teila

56 2337 99 2389 ius
117 2336 182 2388 hess
201 2335 259 2389 sich
286 2333 322 2402 (2.
340 2334 415 2401 Okt.)
436 2335 483 2388 ab·
525 2335 586 2389 weil
606 2335 742 2390 Octavian
760 2336 808 2390 das
827 2336 898 2390 Volk
924 2339 1011 2393 durch
1037 2341 1111 2396 seine

55 2438 108 2472 von
135 2421 239 2472 seinem
269 2419 389 2488 Oegner,
419 2419 482 2472 dem
525 2418 735 2488 Freigebigkeit
768 2438 922 2490 gewonnen
956 2423 1044 2478 hatte.
1078 2454 1112 2463 —

55 2520 117 2557 rnen
141 2502 171 2557 T.
189 2503 352 2567 Cannutius,
371 2519 421 2556 vor
438 2503 483 2556 die
524 2521 578 2554 aaa
595 2504 750 2569 dubitanter,
762 2508 841 2573 qaia.
852 2547 858 2559 .
869 2504 886 2574 ,1
913 2507 975 2561 ‘mit
992 2510 1112 2562 unzwei·

55 2587 194 2654 rmmlung
211 2586 325 2640 frihren:
343 2603 373 2639 er
390 2586 483 2640 wollte
525 2586 653 2655 deutiger
671 2587 853 2658 Hinvveisung
869 2590 977 2658 darauf,
994 2592 1111 2645 dasd—

55 2690 65 2725 e
94 2672 160 2724 oder
177 2668 313 2723 vielmehr
330 2669 383 2722 den
401 2669 483 2722 Vete-
525 2672 556 2722 de
571 2689 624 2723 meo
642 2670 757 2740 coratio]
776 2673 892 2742 wichtig
909 2675 951 2743 ist,
965 2675 1009 2729 die
1027 2675 1111 2730 Stelle

55 2773 86 2808 en
105 2754 218 2807 Zvveifel
235 2752 400 2820 benehmen,
418 2753 481 2806 dass
525 2770 574 2806 aus
593 2752 657 2825 dem
676 2754 767 2809 Briefe
784 2773 820 2809 an
838 2758 948 2811 Cassius
966 2759 1034 2812 farn.
1052 2760 1108 2814 ΧΗ

55 2839 128 2892 einer
146 2837 276 2905 Stellung
293 2855 326 2889 zu
345 2835 481 2890 Octavian
524 2839 547 2896 2,
567 2842 596 2891 1:
614 2838 660 2890 sed
677 2839 749 2888 horno
767 2857 854 2890 ameno
872 2850 896 2891 et
910 2842 1031 2908 perditas
1046 2846 1111 2895 mal-

68 2922 166 2975 Cdsars
184 2937 272 2989 gagen
290 2921 390 2974 dassen
408 2920 482 2973 Mar·
524 2931 596 2991 toque
614 2924 722 2990 nequior
738 2940 816 2988 qaam
833 2925 877 2975 ille
893 2926 955 2992 ipse,
981 2944 1057 2992 quem
1082 2937 1112 2979 ta

55 3005 142 3073 [stige.
177 3004 321 3070 Octavian,
343 3003 396 3056 mit
417 3004 481 3057 dem
523 3007 706 3071 nequissimum
714 3008 825 3057 orcham
842 3025 895 3059 esee
906 3009 1005 3076 dimisti,
1023 3013 1111 3063 caedis

55 3107 102 3142 sen
115 3089 245 3141 Ankunft
257 3089 286 3140 in
300 3087 372 3141 Rom
391 3087 481 3154 (Ende
522 3091 624 3140 initiam
646 3090 764 3155 qaaerit,
789 3091 940 3158 nullamque
974 3095 1054 3144 aliam
1079 3097 1110 3146 ob

54 3176 240 3240 gespanntem
257 3171 417 3225 Verh'dltnis
435 3189 481 3240 ge·
523 3190 627 3223 caueam
655 3189 694 3223 me
722 3183 852 3224 neormam
875 3177 963 3241 faisse
990 3177 1110 3230 Caesaris

55 3255 105 3307 her
115 3255 184 3308 noch
201 3255 280 3308 nicht
292 3254 366 3309 offen
384 3255 479 3323 gebro
522 3256 697 3322 interficiendi
706 3258 871 3325 criminatur,
882 3261 949 3311 nisi
965 3270 1005 3311 at
1020 3263 1055 3313 ia
1070 3281 1110 3315 me

59 3337 479 3407 ,beschuldigteer,ihmdurch
522 3341 698 3391 veterani
723 3342 947 3397 incitentur.
975 3375 1008 3384 -
1033 3348 1109 3399 ciari-
1206 3398 1218 3409 ,

55 3422 141 3475 Lente
166 3439 215 3474 aus
243 3423 335 3476 seiner
362 3424 479 3491 eigenen
522 3423 591 3492 eam]
626 3425 676 3478 der
713 3424 753 3477 im
778 3425 961 3482 iiffentliohen
986 3430 1110 3499 Austrag

55 3522 61 3556 ι
78 3505 149 3558 nach
167 3506 229 3558 dem
242 3506 335 3559 Leben
352 3506 480 3573 getrach·
521 3508 798 3563 reisendeGesandte
812 3511 905 3564 erh'alt
921 3512 1110 3583 diesesWege-

55 3606 103 3642 ven.
125 3592 196 3653 Quae
213 3599 247 3642 est
265 3591 334 3642 enim
350 3607 406 3657 spes
423 3590 480 3654 (be·
522 3592 586 3660 geld
613 3591 683 3646 noch
707 3611 741 3646 zu
771 3593 862 3648 seiner
892 3595 1011 3665 iibrigen
1040 3602 1110 3652 Aus-

55 3689 105 3725 eero
121 3689 157 3724 an
169 3671 330 3745 Cornificius
341 3673 407 3726 farn.
417 3672 481 3740 XII,
521 3679 662 3743 stattnng.
696 3675 853 3730 Mommsen
871 3677 904 3731 R.
923 3678 963 3732 St.
982 3685 1005 3745 1,
1022 3684 1072 3735 246
1089 3682 1108 3734 f.

55 3775 63 3806 ι
80 3759 109 3807 ia
127 3758 240 3809 contione
257 3759 341 3810 dicere
352 3777 430 3811 ausas
447 3760 479 3811 sit
521 3789 554 3799 -
571 3760 635 3824 qaid
653 3777 694 3811 eos
710 3761 880 3826 interpretari
897 3772 994 3826 paras.
1005 3804 1011 3817 .
1022 3765 1038 3830 .]
1057 3765 1110 3818 wie

55 3841 198 3890 'annaeum
216 3842 291 3907 apud
302 3859 343 3893 eos
355 3840 419 3908 (den
432 3841 480 3895 Ca·
521 3843 625 3896 meinst
643 3843 690 3910 du,
714 3842 777 3896 dass
799 3843 840 3896 sie
856 3845 901 3900 ein
919 3846 1024 3900 solches
1043 3847 1110 3901 Ver·

56 3924 83 3990 n)
97 3927 181 3976 locam
197 3926 244 3976 sibi
260 3943 392 3991 quaerere,
409 3927 480 3991 qai·
521 3928 619 3981 fahren
646 3928 716 3992 (cam
740 3929 787 3979 toa
808 3929 928 3994 saciant)
954 3931 1109 3999 auslegen?

55 4010 480 4061 vlrolocase'rrcr'er'rate
521 4011 674 4077 Natiirlieh,
694 4011 845 4065 aleoh...
872 4040 904 4049 -
930 4021 1011 4065 tecum
1030 4016 1109 4084 loqui]

55 4128 56 4137 ,
71 4093 217 4157 posset!
238 4092 371 4145 Indessen
389 4092 480 4160 dreng
521 4097 577 4163 vgl.
595 4112 638 4163 ep.
649 4097 689 4157 50,
702 4100 733 4148 2:
751 4104 832 4146 tecam
850 4096 960 4163 loquere,
977 4107 1000 4149 re
1015 4101 1110 4151 adhibe

55 4191 92 4226 ver
110 4173 405 4244 Volksversammlung
426 4177 480 4228 mit
520 4181 549 4230 ia
567 4181 711 4243 consiliam,
731 4188 754 4231 te
772 4180 844 4245 andi,
862 4181 908 4230 tibi
921 4183 1074 4248 obtempera.

57 4257 480 4326 ichtengegenOctaviannicht
