2602 4890
55 202 77 271 p
417 201 539 256 senet.
557 199 671 271 vnis
1087 208 1149 272 275

55 369 167 435 citime
187 367 415 453 opportunitas
436 369 506 432 vise
536 367 649 450 quaeri
679 367 911 452 desperatione„
949 369 1024 437 Non
1044 372 1150 454 recepi

55 491 101 548 un,
132 489 197 534 non
226 487 290 551 quo
321 487 438 532 munus
458 466 540 531 illud
560 466 752 550 defugerem,
783 469 840 534 sed
860 469 896 534 in
916 488 955 536 ea
977 490 1086 550 cause,
1116 471 1150 536 in

55 569 142 634 ¹ullus
162 575 247 633 esset
269 566 429 647 ordinum,
461 567 570 632 nullus
590 573 723 651 apertus
744 569 947 652 privatorum
967 570 1070 653 dolor,
1093 571 1149 638 ho·

55 692 68 733 n
90 674 199 735 eutem
216 674 299 733 esset
321 668 449 752 aliquis,
475 667 532 732 sed
554 667 661 747 hebes,
689 674 728 733 ut
748 668 831 735 solet
859 675 893 734 et
913 676 950 735 nt
968 671 1037 755 ipse
1056 673 1149 754 sensi,

55 771 128 836 tudo
166 775 200 834 et
234 768 364 833 infimus
399 768 536 851 quisque
573 789 750 852 propensus
785 770 820 834 in
853 770 991 835 alteram
1016 780 1151 856 partem

74 873 265 941 mutationis
294 890 402 934 rerum
433 870 551 952 cupidi,
581 869 649 935 dixi
670 870 733 954 ipsi
752 891 804 936 me
824 871 906 936 nihil
927 878 1151 955 suscepturum

55 970 196 1037 raesidio
217 976 250 1035 et
270 969 337 1034 eine
358 970 501 1052 pecunie

55 1093 146 1155 mque
168 1070 268 1136 hebui
289 1069 372 1134 nihil
395 1072 523 1135 omnino
544 1070 676 1152 negotii,
696 1071 785 1154 qnod
807 1072 849 1136 ab
869 1072 963 1137 initio
984 1071 1051 1137 vidi
1068 1072 1151 1138 nihil
1175 1079 1191 1132 5

55 1178 60 1240 i
81 1177 212 1258 praeter
233 1170 353 1253 fugem.
396 1169 478 1234 Eum
498 1170 526 1234 si
546 1190 633 1234 nunc
653 1191 780 1253 sequor,
802 1171 969 1256 quonam?
999 1192 1072 1237 cum
1093 1172 1150 1240 illo

61 1274 102 1340 ed
132 1291 227 1356 quem
258 1291 329 1335 oum
360 1290 461 1335 essem
490 1269 666 1353 profectus,
696 1273 833 1354 cognovi
861 1272 895 1335 in
921 1272 960 1336 iis
981 1271 1060 1338 locis
1082 1292 1151 1339 esse

55 1395 126 1451 rem,
148 1380 185 1436 ut
205 1376 279 1436 tuto
301 1371 469 1435 Luceriam
489 1371 596 1436 venire
617 1390 680 1436 non
701 1392 844 1458 possem:
867 1373 975 1438 infero
993 1374 1076 1438 meri
1093 1394 1151 1440 no·

55 1479 140 1540 certo
163 1493 268 1551 cursu,
291 1471 394 1536 hieme
415 1471 556 1536 maxima
577 1471 795 1554 navigandum
812 1479 867 1541 est.
899 1474 968 1555 Age
985 1475 1060 1554 iem,
1078 1495 1151 1540 oum

72 1595 113 1639 an
135 1572 204 1636 sine
224 1570 288 1635 eo?
318 1591 390 1635 cum
411 1569 480 1635 filio
503 1590 544 1635 en
565 1590 630 1652 qno
652 1570 774 1636 modo?
794 1571 828 1635 in
849 1577 990 1657 utreque
1011 1575 1095 1639 enim
1115 1595 1151 1641 re

55 1695 73 1738 e
94 1670 270 1735 difficultas
292 1670 364 1749 erit,
385 1690 528 1734 summus
552 1669 652 1734 enimi
671 1668 772 1735 dolor.
807 1670 869 1748 Qui
886 1679 995 1738 eutem
1012 1673 1152 1756 impetus

62 1773 123 1837 erit
146 1773 178 1836 in
200 1791 257 1835 nos
279 1771 428 1835 absentes
449 1770 662 1852 fortunasque
683 1771 837 1836 nostras?
870 1773 976 1838 aerior
997 1794 1096 1855 quem
1116 1778 1151 1836 in

57 1895 139 1951 rum,
161 1871 248 1955 quod
268 1870 400 1955 putabit
411 1870 550 1936 fortasse
566 1869 600 1933 in
618 1871 713 1936 nobie
729 1872 889 1938 violandis
899 1872 1024 1957 aliquid
1041 1894 1075 1938 se
1092 1871 1150 1937 he·
1177 1890 1180 1895 ·

55 1974 213 2057 populere
262 1972 329 2054 Age
356 1971 430 2052 iem,
452 1971 511 2035 has
532 1970 707 2053 compedes,
729 1970 823 2036 foscis
844 1972 978 2055 inquam
1000 1970 1059 2038 hos
1079 1972 1151 2037 len-

56 2125 64 2155 ,
94 2073 208 2138 efferre
237 2092 277 2136 ex
296 2071 395 2136 Itelie
424 2091 523 2154 quem
551 2070 723 2136 molestum
745 2074 812 2137 eetl
845 2075 902 2157 qni
925 2078 1035 2139 eutem
1060 2072 1151 2137 locus

55 2176 117 2240 >bie
132 2179 234 2251 tutus,
256 2181 294 2237 ut
310 2172 377 2237 iem
393 2171 528 2255 placatis
545 2177 678 2236 utamur
702 2172 863 2254 fluctibus,
893 2179 969 2239 ante
994 2193 1092 2257 quem
1109 2172 1152 2238 ad

60 2272 264 2337 venerimus?
297 2291 364 2354 que
386 2278 494 2336 autem
516 2275 575 2335 aut
604 2291 678 2353 quo,
708 2271 791 2336 nihil
820 2274 945 2340 scimus
987 2275 1031 2339 At
1052 2274 1079 2339 ei
1100 2294 1150 2340 re·
1176 2285 1194 2338 6

55 2397 60 2436 ι
82 2380 115 2437 et
137 2372 235 2437 fuerit
254 2371 350 2436 nobis
370 2371 405 2434 in
426 2371 488 2436 hac
504 2376 600 2453 perte
622 2371 721 2451 locus,
754 2371 838 2438 idem
864 2372 978 2454 fecero,
1008 2373 1097 2457 quod
1117 2375 1152 2438 in

55 2495 68 2538 e
89 2472 307 2538 dominatione
328 2470 506 2555 Philippus,
529 2470 617 2553 quod
637 2470 673 2537 L.
691 2471 834 2553 Flaccus,
855 2474 944 2556 quod
960 2474 996 2553 Q.
1014 2474 1150 2556 Mucius,

55 2596 78 2640 o
107 2572 205 2639 modo
235 2593 274 2637 ee
294 2593 346 2637 res
367 2571 442 2636 huic
463 2570 590 2654 quidem
614 2571 737 2653 cecidit,
768 2574 825 2656 qui
845 2580 955 2640 temen
976 2577 1023 2639 ita
1046 2575 1151 2640 dicere

55 2778 94 2812 eoo
118 2757 194 2827 illud]
213 2758 346 2825 Truppen
366 2756 524 2825 persiinlich
566 2755 668 2822 Cicero,
697 2773 727 2811 so
753 2758 840 2813 milde
862 2759 920 2813 sich
938 2758 1010 2812 euch
1027 2759 1151 2812 denselhe

55 2861 83 2897 na
100 2842 292 2896 euszuheben:
310 2858 354 2911 ep.
372 2843 415 2909 61,
432 2842 465 2908 33
490 2843 524 2895 62
565 2856 655 2910 gegen
674 2841 723 2895 ihn
742 2841 841 2910 reign,
858 2842 958 2896 immor
975 2840 1046 2896 noch
1059 2839 1151 2895 hirch-

60 2927 100 2979 Er
128 2924 237 2980 schrieb
270 2941 316 2978 em
344 2926 385 2979 25.
414 2924 524 2978 Jenner
565 2927 633 2979 tete.
650 2952 684 2963 -
700 2926 801 2993 etheid
873 2922 1013 2992 populare]
1031 2923 1077 2978 die
1093 2923 1151 2978 Un-

55 3009 98 3076 ἾΙ,
125 3011 165 3075 14,
190 3011 233 3074 hl:
262 3027 302 3062 me
318 3011 455 3077 Pompeios
476 3009 524 3061 Oo-
567 3008 742 3076 populerit'tt
769 3007 876 3061 Gioeroe
903 3007 1001 3061 rfihrte
1029 3024 1083 3061 von
1101 3007 1151 3061 der

55 3095 121 3148 noire
130 3094 209 3145 voluit
224 3094 522 3157 etodioooredileotum,
564 3090 1041 3160 BeetrefungderOetilinerierher.
1059 3089 1150 3144 Eben·

55 3196 148 3245 parom
163 3179 265 3241 prolixe
282 3175 522 3243 roepmcdeotdom·
565 3190 595 3227 eo
612 3176 721 3228 tussert
738 3189 770 3227 er
786 3174 845 3228 sich
866 3191 911 3242 ep.
928 3176 969 3240 74,
986 3177 1018 3228 7:
1047 3182 1078 3225 ot
1093 3192 1151 3227 meo

55 3264 111 3314 loni.
146 3260 207 3330 Vgl.
232 3260 277 3313 die
303 3257 373 3313 euch
400 3257 522 3312 eechlioh
564 3275 675 3326 persono
691 3275 792 3324 semper
808 3259 845 3312 cd
859 3258 1036 3325 improborum
1057 3258 1152 3309 οἱυὴωη

55 3344 166 3398 eStelle
175 3344 205 3396 in
222 3343 286 3397 dem
296 3340 388 3396 Briele
399 3357 435 3393 en
445 3341 523 3394 Pom·
563 3344 672 3408 impetos
689 3342 790 3408 clr'qoid
806 3342 936 3394 uideram
961 3343 1054 3394 dohec
1067 3358 1151 3408 popu·

55 3446 76 3496 p.
87 3431 129 3495 74,
146 3429 170 3480 5.
188 3453 219 3463 -
236 3424 369 3494 ordinum]
392 3426 442 3478 der
454 3424 522 3478 Sinn
563 3427 626 3479 lore.
645 3452 675 3461 -
694 3425 731 3477 od
746 3422 831 3493 illum]
849 3442 882 3478 zu
900 3423 1058 3492 Pempejus.

55 3512 102 3564 der
112 3526 200 3578 genzo
217 3507 323 3562 St'n'nde
335 3508 442 3575 (Senot,
460 3508 521 3562 Rit-

55 3594 91 3648 ›ch
101 3592 201 3660 solche,
218 3590 320 3646 welche
334 3593 414 3648 hcine
422 3592 522 3646 dffent·
595 3593 620 3645 6.
636 3594 666 3644 in
682 3594 731 3645 hoc
743 3589 833 3660 porte]
851 3590 913 3645 hier
929 3590 960 3644 in
976 3591 1077 3646 Italien
1095 3592 1144 3660 (im

55 3676 173 3744 ltellung
207 3676 391 3743 einnehmen,
425 3676 521 3744 zeigen
562 3675 734 3743 degensetze
759 3692 793 3728 nu
815 3674 1027 3740 Griechenlend,
1055 3675 1147 3729 wohin

55 3758 318 3828 Erbitterungfiber
332 3760 430 3813 Olisers
443 3758 522 3812 Fort-
562 3757 709 3825 Pompejns
734 3757 808 3826 gehn
840 3757 929 3824 wird).
946 3787 980 3796 -
1005 3761 1034 3811 io
1052 3759 1151 3812 Oinone

55 3862 72 3908 ¹3
98 3841 143 3895 die
162 3841 210 3895 der
226 3842 393 3909 Optimeten
411 3844 449 3896 iet
467 3858 521 3896 nur
560 3839 1151 3910 dominatiooePhilippue]imerstenBlirger-

55 3945 75 3992 r,
98 3926 150 3978 wie
177 3924 217 3978 im
233 3925 259 3979 J.
285 3927 334 3980 581
361 3925 406 3979 die
423 3924 520 3978 Volks·
563 3926 658 3995 kriege
677 3940 773 3978 weron
782 3925 827 3978 die
837 3924 898 3978 dtei
914 3924 1082 3979 vornehmen
1093 3925 1151 3978 und

56 4009 124 4063 aber
141 4007 219 4078 neigt
238 4008 296 4062 sich
313 4024 395 4077 eogar
412 4008 526 4062 auidi·
567 4009 730 4064 verdienten
745 4008 900 4062 Konsulere
914 4010 944 4061 in
956 4008 1028 4062 Rom
1037 4008 1152 4064 zuriick-

55 4095 97 4147 ite.
564 4091 722 4162 gebliehen,
738 4090 871 4145 whhrend
885 4091 936 4146 der
950 4093 1077 4161 grdssere
1090 4093 1150 4147 Teil

55 4177 72 4243 ἱ]
91 4176 155 4230 dem
164 4176 318 4244 Pompejue.
331 4204 365 4213 -
379 4179 435 4229 eice
442 4195 522 4244 proe-
565 4176 616 4230 der
629 4175 837 4229 senatoriechen
848 4175 942 4229 Pertei
951 4176 1010 4229 sich
1028 4194 1061 4229 ru
1074 4176 1150 4230 Sulla

55 4258 520 4329 ineTruppen.-eeremprosectroe]
563 4258 715 4328 gefliichtet
736 4259 826 4312 hctte.
859 4259 891 4325 Q.
908 4258 1017 4312 Mucius
1035 4259 1151 4314 Scdvoln

55 4384 59 4396 .
86 4345 128 4410 43,
154 4346 184 4396 l:
212 4341 295 4396 ‘mich
313 4341 364 4396 euf
378 4342 433 4397 den
451 4341 522 4411 Weg
565 4346 644 4410 pont.
662 4359 735 4396 mex.
755 4341 799 4409 (zu
809 4357 853 4409 ep.
867 4343 908 4407 36,
917 4340 961 4408 26)
972 4341 1065 4396 biisste
1077 4344 1114 4396 im
1124 4343 1150 4396 J.

56 4425 176 4479 thette’.
193 4454 226 4464 -
243 4428 323 4480 hiem
331 4424 456 4494 marimo]
466 4427 522 4495 vgl.
566 4427 600 4480 82
617 4425 826 4480 dieLiebennm
835 4425 1004 4479 veter-lende
1017 4425 1070 4478 mit
1087 4425 1150 4478 dem

55 4512 75 4564 3.
92 4538 126 4551 ·-
143 4510 252 4577 impetos
259 4508 341 4578 illius]
358 4510 452 4577 (litem,
468 4509 523 4565 den
570 4508 645 4565 Tode
663 4507 795 4578 (nebunt
810 4524 909 4578 quoquo
920 4510 1088 4562 moenem
1095 4510 1162 4560 hohc
