2602 4890
113 186 176 251 234
261 252 264 259 ¹
587 185 637 239 'Ad
653 183 719 239 fam.
736 144 796 252 xi,
812 186 838 240 a
1203 180 1222 253 [l

114 352 191 417 mihi
213 356 372 436 quantum
393 350 564 430 tribueres,
585 349 715 415 Milonis
736 371 836 417 cansa
855 350 891 415 in
911 354 1027 417 senatu
1048 350 1222 418 deiendeud

113 452 272 535 probaris.
307 455 334 517 A
356 472 407 517 mo
429 456 539 518 autem
560 451 641 518 haso
662 457 739 517 sunt
760 452 917 535 proseuta,
939 473 1025 535 quae
1047 472 1110 535 ego
1125 452 1159 517 in
1177 452 1222 519 be:

112 551 185 618 loeo
204 573 270 618 non
291 572 388 635 pono,
409 552 520 618 sedin
542 552 608 619 veri
628 552 807 619 testimonii
828 558 927 636 atquo
948 552 1068 633 iudicii,
1091 558 1132 619 ut
1154 572 1222 635 pra

113 653 253 719 tissimas
276 658 350 718 tuas
372 653 509 718 virtutes
532 673 597 717 non
618 653 738 718 tacitus
760 651 938 718 admirarer
954 682 996 703 —
1013 653 1086 736 quis
1104 653 1190 718 enim
1207 652 1222 715 i·

112 753 216 819 feeit?
237 788 279 803 —
300 752 357 819 sed
386 753 420 816 in
443 751 590 819 omnibus
610 752 825 831 orationibus,
847 751 1014 817 sententiis
1043 752 1187 817 dicendis
1215 775 1222 817 ι

111 854 260 937 agendis,
293 854 441 920 omnibus
462 852 600 936 seriptis,
631 852 761 919 Graecis
783 852 918 932 Latinis,
950 854 1037 918 omni
1057 853 1222 937 denique*

112 958 181 1018 tate
210 952 392 1017 litterarum
422 972 567 1017 mearum
597 958 630 1017 te
655 973 718 1017 aon
740 952 835 1019 modo
856 952 909 1032 iis,
942 972 1023 1035 quos
1044 952 1222 1019 vidissemus

111 1055 160 1134 iis,
182 1053 221 1118 ds
244 1053 361 1137 quibus
383 1052 590 1133 audissemus,
612 1054 763 1119 omnibus
784 1054 986 1119 anteferrem.

68 1172 102 1225 13
195 1153 336 1232 Quaeres
357 1153 506 1233 fortasse,
528 1153 609 1237 quid
629 1153 682 1232 sit,
702 1153 793 1236 quod
813 1174 873 1236 ego
895 1153 957 1221 hoo
977 1155 1083 1221 neseio
1105 1154 1187 1238 quid
1207 1176 1222 1238 g

110 1253 242 1319 lationis
273 1259 306 1317 et
335 1252 467 1318 honoris
499 1273 520 1318 a
540 1258 655 1318 senatu
677 1253 763 1319 tanti
786 1255 960 1320 aestimem.
1003 1255 1109 1338 Agam
1128 1256 1222 1319 iamt

111 1352 327 1432 familiariter,
349 1360 388 1418 ut
409 1358 459 1418 est
480 1357 514 1418 et
534 1352 651 1419 studiis
672 1358 705 1419 et
726 1352 842 1419 officiis
865 1354 986 1419 uostris
1006 1355 1130 1419 mutuis
1147 1360 1181 1419 et
1198 1375 1222 1418 si

111 1454 253 1520 amicitia
288 1453 421 1537 dignum
451 1458 485 1518 st
514 1453 744 1521 nenessitudine
774 1453 872 1520 etiam
901 1457 1055 1538 paterna:
1091 1455 1120 1519 si
1149 1455 1221 1538 quis

111 1553 175 1618 iuit
196 1574 350 1636 umquam
371 1559 516 1620 remotus
538 1560 570 1619 et
591 1559 711 1620 natura
732 1559 765 1619 et
782 1554 886 1637 magis
903 1555 1012 1634 etiam,
1035 1559 1073 1620 ut
1092 1554 1174 1619 mihi
1191 1576 1222 1638 qr

109 1654 228 1719 sentire
258 1655 375 1735 videor,
406 1655 533 1720 ratione
564 1661 662 1738 atque
684 1654 831 1720 doctrina
853 1655 895 1721 ab
916 1655 1005 1721 inani
1026 1655 1123 1721 laude
1145 1662 1180 1721 et
1200 1677 1222 1721 si

110 1753 204 1819 nibus
225 1754 322 1836 vulgi,
345 1775 406 1837 ego
426 1755 570 1838 profecto
592 1755 620 1819 is
641 1775 720 1819 sum.
764 1754 869 1821 Testis
889 1761 937 1821 est
959 1756 1147 1821 consulatus
1165 1776 1222 1821 mei

109 1874 185 1938 quo,
207 1854 291 1920 sicut
312 1855 345 1918 in
367 1855 492 1938 reliqua
512 1857 588 1934 vita,
611 1855 715 1921 fateor
735 1876 773 1920 ea
791 1877 841 1921 ms
857 1855 1000 1921 studiose
1017 1862 1173 1936 secutum,
1195 1877 1222 1921 ei

109 1955 172 2021 bus
192 1976 268 2021 vera
289 1956 394 2038 gloria
415 1956 504 2021 nasoi
524 1962 650 2039 posset3
672 1957 775 2039 ipsam
798 1955 928 2039 quidem
947 1954 1083 2038 gloriam
1101 1976 1160 2039 por
1178 1976 1211 2022 se

109 2075 207 2139 quam
229 2057 340 2139 putavi
361 2056 589 2142 expetendam:
612 2059 723 2140 itaque
745 2064 778 2123 ot
799 2057 996 2140 provinciam
1014 2063 1166 2123 ornatam
1184 2063 1217 2124 et

109 2177 173 2223 non
196 2156 327 2222 dubiam
349 2158 507 2240 triumphi
528 2158 674 2242 neglexi3
704 2157 920 2224 sacerdotium
942 2158 1089 2243 denique,
1118 2179 1204 2238 oum,

110 2257 152 2322 ad
173 2257 304 2322 modum
326 2263 359 2322 te
381 2258 564 2324 existimare
585 2258 744 2339 arbitror,
773 2279 839 2324 non
861 2258 1050 2324 difficillime
1071 2261 1222 2343 consequi

108 2660 248 2713 natiirlieh
274 2658 391 2713 Clodius.
418 2688 451 2699 -
477 2663 581 2713 Minois
611 2678 691 2714 ossan
732 2659 915 2731 Verbindnng
932 2661 980 2715 des
989 2660 1171 2716 Substantivs
1182 2664 1221 2716 mi

108 2747 135 2796 io
151 2742 426 2812 senatadefeodeodo]
442 2745 540 2798 Asson.
550 2744 579 2797 in
593 2743 690 2797 Milon.
732 2742 909 2812 Priiposition
931 2745 970 2798 ist
987 2745 1214 2815 gereohtisrtigt,

106 2830 147 2893 47,
164 2829 197 2880 23
223 2827 267 2881 ff.:
285 2830 407 2897 seierum,
433 2831 479 2897 qui
503 2830 635 2883 crederent
652 2830 689 2882 M.
731 2827 789 2881 siah
807 2827 887 2882 beids
904 2829 1034 2896 vermdge
1057 2828 1135 2882 ihrer·
1152 2829 1222 2884 Bede

108 2910 211 2964 Ontonia
227 2914 352 2964 amando
368 2930 427 2964 eom
452 2930 503 2965 esse
528 2914 688 2974 absolutura,-
730 2910 816 2964 ieioht
833 2912 891 2965 und
908 2911 1046 2965 natiirlieh
1063 2928 1097 2963 uu
1115 2912 1222 2967 einerV

107 3013 170 3047 nom
187 3004 211 3048 et
227 2997 287 3049 deae
304 3014 363 3048 oum
380 3013 409 3048 re
424 2996 527 3064 psdtioa
541 3004 691 3048 detumesce
732 2996 802 3061 lung
819 2995 979 3061 verbinden,
996 2995 1048 3048 wie
1064 2995 1110 3048 bei
1134 2996 1185 3050 der
1204 2999 1222 3048 A

107 3088 185 3131 morte
203 3080 233 3132 P.
256 3079 340 3132 Clodii
359 3097 411 3131 noo
434 3080 639 3132 dissimulaverat
668 3088 691 3131 et
732 3080 780 3135 des
790 3077 960 3147 Ursprungs,
978 3079 1222 3148 desAnsgangspu

106 3163 219 3215 studebat
245 3163 275 3214 io
297 3164 420 3228 petitiooe
439 3164 585 3215 romolono
599 3165 691 3217 Miloni
732 3164 781 3217 der
797 3162 910 3217 Haimat
927 3181 953 3215 n.
971 3161 1043 3231 dgi.;
1060 3165 1178 3215 rotomo
1197 3165 1222 3216 d<

108 3244 151 3311 (zu
168 3261 211 3312 ep.
220 3245 264 3311 43)
282 3255 306 3298 et
319 3263 362 3298 reo
379 3247 553 3312 adsuerot.-
558 3245 691 3315 profecto]
732 3248 793 3299 Att.
818 3245 881 3310 XII,
905 3247 979 3311 9,1.·
1004 3264 1073 3298 omos
1099 3246 1220 3315 (litteras)

106 3327 157 3381 der
174 3327 276 3381 Zusatz
302 3330 331 3380 in
350 3338 373 3381 te
398 3329 437 3382 ist
463 3328 637 3397 iiborfliissig,
653 3330 689 3384 da
730 3331 793 3383 midi
818 3348 836 3381 o
861 3338 884 3382 te
908 3349 961 3382 noa
985 3348 1037 3384 esee
1060 3332 1196 3391 miiitiae,-
1219 3358 1222 3382 ι

107 3425 137 3465 er
171 3426 220 3464 aus
246 3411 307 3465 dsrn
334 3411 579 3482 Zusammenhang
605 3413 690 3467 leioht
731 3412 861 3481 (epistula)
879 3432 897 3465 o
917 3414 1034 3475 Caesare,
1060 3432 1078 3465 a
1098 3415 1217 3467 Gadibus

106 3495 222 3563 ergiinzt
231 3494 308 3551 wird.
320 3494 525 3564 —orutiontdud
535 3497 580 3550 die
589 3496 689 3550 beiden
731 3498 864 3551 Βοπιαιιιιι
889 3514 904 3550 e
928 3507 1052 3551 manento
1069 3499 1222 3551 Panormita

106 3578 690 3648 folgendenGliedergsbendieErkliirung.
730 3581 891 3647 provinciam
923 3578 1055 3647 omnam]
1082 3581 1133 3635 das
1161 3582 1220 3635 dies

106 3690 139 3701 -
159 3663 266 3717 &aaa
283 3662 395 3731 Latinis]
412 3664 481 3719 iiber
498 3663 548 3717 das
566 3662 689 3731 Asynde-
731 3663 848 3718 Gallien.
882 3663 940 3717 ΑΕ.
967 3667 999 3718 10
1021 3666 1105 3717 Διιιιι.
1131 3666 1191 3719 und
1216 3665 1222 3718 ι’

107 3752 156 3799 ton
173 3764 207 3799 au
224 3764 268 3815 ep.
285 3747 309 3812 ὅ,
317 3747 342 3799 8.
360 3774 393 3783 -
410 3749 557 3801 litteratam
573 3765 690 3800 mearam
730 3749 756 3814 9,
773 3750 804 3800 5:
821 3765 864 3814 eqo
885 3749 1048 3815 provintiam
1069 3749 1189 3802 Godiom
1213 3770 1222 3803 ι

105 3827 240 3897 variante]
259 3830 400 3884 erwsitert
425 3832 483 3885 und
509 3831 690 3886 vervolistiin·
731 3833 880 3884 amaritate
903 3833 1014 3885 aeota
1040 3841 1063 3884 et
1078 3836 1222 3899 peanum

106 3914 168 3983 digt
185 3914 239 3967 den
258 3913 366 3982 Begriff
380 3913 428 3968 des
445 3914 688 3982 vorhergehenden
729 3923 784 3966 tam
800 3916 987 3967 samtarein
1000 3917 1222 3985 wotioosdepoeuz

106 3999 221 4049 omnibvs
241 3999 359 4064 sospem
385 3997 462 4051 ‘kara
487 3997 573 4051 duroh
599 3997 690 4051 moine
730 4008 818 4051 marite
839 4000 938 4066 populo
960 4000 1086 4052 Romam
1119 3988 1198 4055 Uber

106 4096 194 4148 ganas
227 4079 381 4148 vielseitige
419 4080 689 4137 sohriftstellerisohs
731 4101 764 4136 zu
781 4100 825 4151 sp.
842 4084 884 4148 23,
903 4086 926 4135 1.
942 4109 976 4119 —
993 4081 1178 4152 swerdotiam]
1195 4084 1222 4137 dr

106 4162 286 4232 Thiitiglrsit’.
730 4170 824 4236 gurat.
865 4167 997 4220 Iudesson
1031 4166 1114 4221 hatte
1140 4168 1199 4223 siah

141 4250 180 4302 13.
197 4249 268 4301 neae
284 4249 347 4316 qaid
359 4250 543 4316 ordinatonis
559 4288 566 4302 .
580 4247 613 4317 ..]
632 4250 687 4319 vgl.
731 4250 801 4306 doeh
818 4251 903 4305 sohon
921 4249 987 4305 aoht
997 4248 1085 4305 Jahru
1094 4249 1193 4306 iriiher
1203 4269 1221 4305 n

107 4333 153 4366 ¹¹·
170 4334 216 4385 doe
232 4334 313 4387 mocio
329 4335 399 4401 quid,
415 4334 484 4401 quod
500 4350 541 4399 eoo
556 4334 635 4398 qast:
658 4332 689 4386 in
731 4337 860 4404 Augurat
878 4334 1008 4401 bemiiht3
1035 4334 1094 4403 vgl.
1111 4336 1175 4393 Att.
1191 4336 1222 4403 IL

203 4413 319 4470 sillan
336 4416 383 4470 eiu
400 4415 547 4471 Ausdrnok
574 4417 623 4470 der
641 4415 689 4472 Be·
730 4417 812 4472 Seine
828 4419 985 4475 Aufnshme
1002 4419 1032 4472 in
1049 4418 1222 4491 dunugnn

219 4496 299 4555 uireit
316 4527 350 4537 -
367 4501 469 4555 toneris
485 4518 504 4553 o
519 4500 619 4569 ream]
644 4501 689 4557 dis
730 4502 809 4572 mum
826 4519 863 4557 an
880 4503 926 4558 dis
933 4502 1018 4559 Stella
1034 4502 1085 4559 des
1102 4502 1133 4559 P.
1144 4502 1222 4561 cns
