2602 4890
63 201 122 271 m]
215 204 217 209 ·
427 201 470 255 ru
488 200 553 255 fam.
570 201 606 267 11,
624 205 647 254 1.
666 202 689 254 a
1103 200 1163 263 207

77 370 118 432 ui
139 366 219 433 meis
239 386 321 450 puer
342 365 419 432 olim
440 366 634 431 fidelissimis
656 372 754 449 atque
776 363 1004 431 amantissimis
1025 365 1166 430 consiliis

53 489 124 533 rses.
166 467 238 546 Qua
258 488 294 532 re
316 468 376 533 hoc
394 467 502 532 animo
520 467 552 531 in
570 487 629 532 uos
646 486 713 531 esse
730 463 872 544 debebis,
889 469 929 527 ut
946 471 1036 531 aetas
1053 473 1165 531 nestra

53 589 266 654 ngravescens
287 570 321 633 iu
344 589 452 634 amore
474 573 573 651 atque
589 570 622 632 in
639 566 858 632 adulescentia
875 571 933 630 tua
951 568 1165 649 conquiescat.

361 881 459 949 XLll.
482 882 537 967 (ad
559 883 634 948 fam.
656 881 697 960 11,
721 885 764 964 5.)

329 1053 385 1108 Ser.
403 1053 508 1108 Romae
525 1055 559 1106 A.
576 1052 610 1108 U.
628 1052 656 1106 C.
674 1056 721 1107 701
742 1051 804 1119 (53).

258 1205 304 1270 M.
328 1203 485 1270 CICERO
507 1203 536 1272 S.
559 1203 596 1269 D.
619 1202 653 1269 G.
676 1202 864 1272 CURIONl.

54 1374 132 1437 daeo
153 1372 285 1455 negotia
305 1391 371 1454 que
393 1371 489 1436 modo
507 1391 541 1436 se
558 1371 710 1451 habeant,
733 1393 773 1437 ne
789 1371 928 1455 epistula
945 1372 1074 1453 quidem
1092 1392 1166 1437 nar·
1195 1390 1208 1442 1

54 1473 169 1539 audeo.
212 1471 294 1552 Tibi,
327 1472 397 1550 etsi,
427 1471 625 1555 ubicumque
646 1491 690 1552 es,
711 1480 750 1537 ut
771 1472 885 1555 scripsi
905 1470 950 1537 ad
971 1478 1004 1537 te
1025 1479 1112 1550 ante,
1134 1472 1167 1537 iu

54 1593 129 1637 nes
151 1573 234 1654 navi,
265 1578 384 1651 temen,
406 1571 495 1654 quod
517 1572 605 1652 abes,
635 1574 795 1654 gratulor,
826 1574 875 1637 uel
896 1572 1060 1656 quianon
1082 1573 1170 1638 vides

54 1695 122 1756 uae
153 1694 220 1752 nos,
243 1675 292 1738 vel
314 1673 401 1756 qnod
423 1673 546 1739 excelso
568 1680 602 1739 et
622 1674 742 1741 illustri
763 1675 835 1741 loco
855 1674 920 1739 sita
948 1679 998 1739 est
1018 1673 1089 1739 laus
1111 1680 1170 1741 tua
1193 1753 1195 1763 Ι

55 1775 238 1838 urimurum
268 1779 300 1838 et
330 1773 492 1839 sociorum
525 1780 557 1840 et
578 1775 696 1840 civium
717 1780 910 1857 conspectu,
943 1794 1026 1858 quae
1048 1774 1090 1839 ad
1111 1795 1170 1840 nos

54 1874 178 1939 bscuro
200 1894 258 1937 nec
279 1873 370 1938 vario
392 1893 545 1951 sermone,
566 1876 621 1939 sed
644 1882 677 1940 et
694 1875 876 1940 clarissima
892 1883 925 1940 et
943 1895 1009 1940 una
1026 1877 1169 1941 omnium

63 1975 235 2059 perfertur.
286 1974 392 2041 Unum
412 1974 495 2040 illud
516 1975 641 2054 nescio,
671 1975 860 2058 gratulerne
881 1975 942 2041 tibi
963 1997 1006 2041 au
1027 1977 1168 2056 timeam,
1195 1992 1212 2042 2

72 2075 232 2141 mirabilis
263 2082 312 2141 est
341 2075 540 2158 exspectatio
562 2074 687 2140 reditus
708 2077 774 2141 tui:
806 2097 871 2142 non
893 2097 958 2159 quo
980 2096 1101 2156 verear,
1130 2097 1171 2140 ne

55 2177 143 2241 irtus
166 2177 310 2260 opinioni
331 2176 494 2243 hominem
516 2197 582 2241 non
604 2177 808 2260 respondeat,
830 2177 887 2242 sed
908 2177 1099 2255 mehercule,
1121 2198 1173 2261 ne,

54 2279 189 2356 veneris,
216 2298 280 2342 non
303 2277 423 2342 habeas
444 2277 519 2355 iam,
541 2276 631 2358 quod
653 2297 761 2342 cures:
784 2278 833 2343 ita
853 2283 931 2342 sunt
952 2278 1061 2342 omnia
1082 2276 1171 2342 debi-

75 2385 109 2444 et
130 2379 195 2442 iam
217 2397 317 2462 prope
343 2364 514 2441 exstincta
552 2375 615 2441 Sed
638 2376 718 2442 haec
738 2377 809 2460 ipsa
830 2378 936 2444 nescio
958 2385 1085 2445 rectene
1107 2380 1172 2443 sint

55 2482 76 2543 is
108 2477 294 2555 commissa;
324 2497 390 2559 que
420 2496 455 2541 re
476 2481 584 2540 cetera
605 2496 776 2558 cognosces
798 2499 837 2542 ex
859 2478 938 2542 aliis.
982 2479 1030 2546 Tu
1052 2489 1171 2560 tamen,

55 2578 157 2643 habes
187 2577 331 2660 aliquam
358 2596 447 2660 spem
469 2575 509 2640 de
531 2596 566 2640 re
588 2577 717 2660 publica
739 2578 804 2642 sive
826 2578 987 2660 desperas,
1020 2599 1059 2645 ea
1080 2601 1170 2664 pera,

55 2701 127 2758 are,
150 2677 268 2760 cogita,
290 2697 374 2760 quae
397 2696 466 2741 esse
487 2675 522 2739 in
543 2697 581 2741 eo
603 2676 661 2742 civi
681 2698 719 2743 ac
736 2679 805 2743 viro
823 2677 949 2760 debent,
969 2679 1026 2763 qui
1044 2680 1087 2744 sit
1104 2701 1171 2744 rem

55 2916 380 2927 --·-—-—·——--—--

56 3094 154 3164 tunimo]
172 3096 324 3163 ‘liebevoll',
346 3095 398 3149 wie
415 3111 458 3163 ep.
479 3097 503 3162 6,
521 3097 544 3149 6.
586 3097 682 3148 damus
707 3113 827 3163 operam,
855 3106 885 3148 ut
910 3106 1006 3150 rectam
1025 3107 1173 3158 leucocoum

56 3200 83 3232 aa
100 3181 291 3248 inpruuesceus]
311 3199 343 3224 =
357 3188 480 3242 seneclus,
490 3179 545 3248 vgl.
587 3182 689 3232 utinam
702 3197 829 3246 prospero
842 3183 939 3233 cursu!
955 3182 1008 3246 sed,
1024 3182 1174 3248 quicumque

56 3266 85 3320 ll.
102 3267 127 3319 6.
161 3264 254 3318 cicero
263 3279 321 3316 war
338 3270 397 3316 eret
408 3264 442 3317 54
459 3262 545 3318 Jahre
585 3265 655 3316 vend
671 3271 757 3327 munt,
776 3281 821 3314 are
837 3272 926 3315 aomo
943 3274 1009 3318 certe
1023 3283 1076 3316 nou
1085 3265 1173 3318 chem

56 3350 111 3403 lein
125 3358 240 3398 reuectus
253 3347 291 3400 ist
300 3347 345 3400 ein
355 3347 488 3401 relativer
497 3345 546 3401 Be·
587 3345 680 3399 Deher
703 3346 847 3413 procreare
872 3364 927 3399 rem
950 3366 977 3416 p.
1004 3347 1069 3418 (vgl.
1097 3347 1113 3415 ἐ
1154 3347 1173 3416 ),

60 3433 105 3486 bei
123 3431 183 3484 Liv.
201 3432 245 3495 30,
266 3432 306 3497 30,
326 3433 359 3483 10
375 3434 465 3484 nennt
486 3429 545 3483 sich
585 3431 761 3497 quommodo
776 3431 816 3483 rei
828 3448 858 3497 p.
877 3439 1002 3496 tractura,
1031 3433 1068 3484 aul
1081 3434 1171 3499 puber-

56 3515 172 3583 tjiihrige
182 3513 322 3567 Hannibal
338 3515 377 3566 im
392 3512 545 3567 Rdckbliclr
587 3517 684 3567 amula
708 3516 749 3568 rei
768 3533 796 3581 p.
821 3514 907 3567 sedere
933 3532 959 3567 u.
982 3514 1038 3584 dgl.
1066 3543 1096 3552 -
1122 3533 1175 3568 nou

56 3598 102 3651 ine
115 3597 178 3650 l'riih
188 3597 351 3667 begonnene
362 3595 547 3666 kriegerische
587 3597 664 3664 uoles]
683 3597 771 3651 ‘nieht
786 3597 839 3651 mit
857 3597 1013 3651 anzusehen
1025 3598 1173 3653 brauchst’.

56 3682 110 3734 ahn
129 3700 211 3735 aenea.
621 3683 646 3733 2.
663 3683 708 3734 aed
733 3678 885 3749 mehercule]
917 3682 1105 3751 vollstdndig:
1132 3685 1175 3736 aad

56 3765 84 3819 [Ι.
105 3769 127 3818 1.
145 3767 207 3818 baec
224 3762 338 3832 capolia]
347 3763 409 3818 hier
419 3764 448 3816 in
458 3761 545 3831 R0m;
588 3783 622 3817 m.
639 3783 745 3828 uersu,-
762 3765 817 3820 PA.
835 3764 877 3831 Il,
898 3766 939 3832 54,
957 3781 979 3831 c,
997 3766 1080 3819 dnm.
1096 3766 1121 3818 4.
1143 3793 1172 3802 -

57 3852 184 3918 aequuum
210 3867 243 3902 zu
264 3866 308 3916 ep.
325 3850 359 3910 9,
384 3851 408 3901 4.
426 3875 458 3885 -
475 3844 546 3913 uara]
588 3846 656 3915 ipsa]
675 3847 949 3905 einschrhnkend.—
962 3846 1068 3915 rectene]
1086 3865 1119 3901 zu
1130 3863 1172 3914 ep.

56 3934 145 3987 llcdus
172 3932 216 4000 (fr.
235 3932 277 4001 le)
304 3932 343 3985 ist
360 3931 405 3985 die
422 3930 547 4001 Verglei·
589 3933 630 3990 21,
648 3934 680 3984 l:
697 3932 743 3985 die
760 3931 866 3987 Furcht
882 3950 933 3988 vor
951 3930 1106 3999 Pompejus,
1123 3929 1174 3983 der

84 4016 132 4070 des
150 4033 204 4071 von
223 4015 355 4070 Parteien
373 4017 547 4069 zerriitteten
589 4013 648 4069 sich
673 4016 759 4070 echon
780 4017 810 4070 in
827 4016 934 4070 diesem
951 4015 1022 4070 Jahr
1040 4014 1092 4067 mit
1110 4014 1173 4068 dem

56 4118 74 4152 s
100 4100 153 4153 mit
179 4100 271 4155 einem
288 4097 377 4154 Schiff
395 4098 435 4151 im
452 4097 547 4151 Sturm
590 4098 743 4155 Gedsnlren
769 4101 847 4155 einer·
863 4099 998 4154 Diktatur
1024 4103 1107 4167 trug,
1136 4096 1175 4150 ist

56 4182 242 4252 gewdhuliche
268 4180 313 4235 bei
331 4181 467 4237 Griecben
491 4180 548 4234 und
590 4181 671 4237 nicht
692 4201 726 4237 zu
744 4182 912 4238 verkennen.
931 4210 965 4220 -
982 4201 1013 4236 ea
1026 4200 1100 4251 para
1120 4178 1174 4248 ...l

56 4286 106 4335 rn3
130 4267 195 4321 fam.
212 4265 280 4330 XII,
297 4267 339 4333 25,
356 4267 389 4320 b:
422 4284 504 4335 wem
519 4266 550 4317 ob
588 4284 691 4334 parare
716 4266 760 4321 die
779 4265 1024 4335 Herbeischeffung
1047 4267 1173 4319 busserer

57 4354 84 4403 ni
104 4353 202 4418 Quinta
220 4351 356 4405 emucende
373 4350 510 4416 uobieeum,
527 4358 550 4402 et
592 4349 687 4404 Mittel
697 4349 883 4419 zurAbhlilfe,
896 4349 1075 4404 meddaridns
1085 4347 1176 4402 Nach-

57 4455 69 4486 u
86 4436 123 4487 ud
136 4437 264 4503 puppim:
280 4452 337 4486 tura
353 4434 428 4487 παυίι
445 4441 480 4487 est
495 4434 551 4486 iam
593 4433 693 4488 einnen
720 4433 790 4489 iiber
815 4432 860 4489 die
885 4433 1017 4489 weiteren
1044 4430 1179 4492 Schritle,

57 4538 89 4570 rm
115 4520 245 4583 onmium,
274 4536 353 4586 qucum
376 4518 478 4586 qru'dem
503 4534 551 4571 noe
592 4520 707 4589 ουρίἐατε
715 4514 1203 4591 dasbetsinigenbe‘rdertudinem
