2602 4890
110 190 170 255 468
601 187 646 240 nu
663 187 837 255 annm
1175 188 1187 259 [ξ

110 356 276 441 publicam
298 374 423 438 semper
450 353 598 433 fateber;
628 353 685 418 sed
711 359 798 420 certe
827 354 928 420 nimia
959 356 1029 419 eins
1059 354 1187 440 indulge

111 455 270 540 Lepidum
301 454 343 519 ad
373 453 455 518 haec
483 452 628 537 pericula
649 454 874 538 perspicienda
895 453 973 519 fecit
995 476 1076 520 eum
1092 455 1187 522 minus

110 579 197 638 cem;
227 557 285 640 qui
311 556 441 640 quidem
463 575 536 619 cum
557 555 591 618 in
611 555 760 622 fraudem
779 576 812 620 se
835 555 1012 620 deductum
1034 556 1168 638 videret,

111 680 192 742 quas
214 658 334 722 iustius
354 658 389 720 in
410 655 525 738 Lepidi
546 655 721 739 perniciem
739 663 910 736 armasset,
942 657 1005 721 sibi
1033 657 1160 723 adferre
1180 681 1187 724 τ

110 770 177 826 est:
209 761 241 824 in
274 779 340 841 quo
371 778 447 822 casu
479 763 589 822 tamen
611 757 837 840 interpellatus
858 762 891 822 et
913 757 1022 824 adhue
1043 759 1124 824 vivit
1145 766 1177 825 et

69 873 86 923 5
113 861 273 939 victurus3
305 860 361 923 sed
392 864 501 922 tamen
532 857 571 922 de
601 857 664 922 hoc
693 879 809 941 parum
839 857 920 922 mihi
950 865 1076 923 certum
1100 867 1156 925 est.

111 982 183 1025 cum
205 959 320 1025 dolore
340 958 579 1042 parricidarum
597 957 727 1042 elapsus
743 978 815 1022 sum
833 959 888 1038 iis3
910 958 1086 1025 veniebant
1104 964 1185 1026 enim

112 1063 222 1126 furere
243 1060 277 1124 in
302 1080 363 1138 me,
385 1080 451 1142 quo
472 1061 506 1124 in
528 1059 679 1142 patriam,
702 1059 839 1138 incitati,
863 1059 1050 1125 iracundias
1070 1068 1179 1126 autem

109 1182 216 1228 rerum
244 1167 391 1225 recentes
422 1158 606 1225 habebant:
639 1158 726 1242 quod
748 1159 906 1242 Lepidum
939 1161 1102 1243 castigare
1131 1184 1187 1227 nen

110 1271 234 1342 teram,
264 1267 303 1326 ut
325 1261 543 1343 exstingueret
565 1259 704 1338 bellum,
735 1259 824 1343 qnod
851 1260 1017 1344 colloquia
1047 1263 1136 1328 facta
1157 1265 1187 1328 in

110 1365 204 1444 bam,
235 1362 322 1446 quod
352 1362 478 1445 legatos
508 1360 571 1425 fide
601 1360 716 1443 Lepidi
747 1363 860 1426 missos
891 1361 933 1426 ad
963 1383 1016 1427 me
1051 1365 1085 1427 in
1113 1386 1185 1432 cons

110 1465 220 1530 venire
244 1468 420 1541 vetueram,
443 1461 530 1545 quod
554 1460 587 1527 (Ι.
609 1461 741 1527 Catium
762 1460 942 1544 Vestinum,
966 1463 1133 1530 tribunum
1157 1491 1185 1532 m

111 1586 181 1629 sum
204 1563 245 1628 ab
267 1563 410 1627 Antonio
433 1560 475 1626 ad
498 1583 570 1626 eum
602 1582 674 1626 cum
705 1562 824 1626 litteris
850 1582 1061 1645 exceperam:
1092 1568 1187 1651 inqu

111 1666 204 1747 capio
227 1662 437 1746 voluptatem,
470 1664 557 1747 quod
580 1669 675 1742 certe,
706 1683 772 1746 quo
799 1664 902 1746 magis
923 1686 975 1730 me
998 1668 1187 1749 petiverunt,

112 1766 266 1830 maiorem
288 1764 328 1829 iis
349 1764 521 1828 frustratio
544 1764 688 1829 dolorem
710 1764 831 1829 attulit.

70 1878 86 1928 6
196 1864 257 1945 Tu,
278 1867 323 1929 mi
346 1866 467 1946 Cicero,
500 1865 588 1949 quod
617 1865 724 1930 adhuc
750 1866 864 1947 fecisti,
891 1866 976 1930 idern
1009 1878 1187 1953 praestan

110 1967 218 2031 lenter
248 1987 446 2049 nervoseque
478 1987 547 2046 nos,
578 1967 635 2050 qui
664 1972 790 2031 stamus
812 1967 846 2030 in
879 1968 957 2047 aeis,
989 1971 1157 2036 subornes.

112 2065 231 2131 Caesar
253 2086 327 2130 cum
349 2068 459 2149 copiis,
482 2086 564 2149 quas
586 2066 686 2131 habet
706 2067 916 2148 firmissimas,
940 2076 1009 2150 aut,
1033 2070 1062 2133 si
1084 2072 1183 2154 ipsum

111 2188 163 2233 res
184 2167 330 2251 impedit,
354 2169 512 2232 exercitus
533 2169 706 2246 mittatur3
728 2169 819 2232 euius
842 2169 944 2250 ipsius
965 2191 1120 2253 magnum
1138 2194 1187 2255 per

112 2268 239 2349 agitur:
271 2268 426 2351 quicquid
447 2268 623 2350 aliquando
647 2268 794 2333 futurum
818 2269 881 2334 fuit
909 2271 942 2333 in
974 2274 1093 2338 eastris
1113 2274 1185 2356 perd

112 2375 227 2434 contra
249 2371 401 2452 patriam,
424 2368 486 2434 hoc
509 2390 602 2434 omne
624 2369 688 2434 iam
711 2370 878 2449 couvenit3
910 2392 970 2455 pro
1002 2374 1093 2438 urbis
1115 2396 1181 2439 vero

112 2489 169 2532 cur
190 2490 254 2534 non
279 2469 429 2534 omnibus
458 2469 679 2547 facultatibus,
709 2490 791 2552 quas
824 2471 991 2551 habemns,
1024 2475 1175 2539 utamur?

112 2570 139 2633 si
160 2591 216 2634 vos
238 2571 312 2633 istic
329 2591 392 2634 non
411 2569 587 2649 defueritis,
608 2570 763 2653 profecte,
782 2571 871 2654 quod
889 2573 930 2636 ad
948 2595 999 2637 me
1018 2575 1144 2653 attinet,
1165 2596 1187 2639 οι

70 2683 86 2732 7
111 2671 207 2734 rebus
229 2670 358 2734 abunde
379 2672 425 2734 rei
448 2670 596 2752 publicae
619 2670 699 2736 satis
721 2670 847 2738 faciam.
890 2672 935 2736 Te
958 2674 1098 2755 quidem,
1129 2676 1187 2738 mi*

112 2924 238 2977 Plancus'
255 2924 340 2978 Tadel
358 2942 446 2994 gegen
470 2925 629 2978 Laterensis
656 2925 694 2976 ist
736 2924 890 2992 bega'ngnis
901 2925 1187 2980 aufStaatskosten.-

113 3007 211 3060 hdchst
229 3009 385 3076 ungerecht
403 3008 460 3060 und
479 3007 619 3060 erseheint
648 3025 694 3076 ge·
736 3008 805 3061 iiber
822 3009 872 3062 das
890 3009 1003 3062 Adverb
1021 3029 1056 3063 zu
1074 3029 1115 3078 ep.
1133 3011 1180 3074 129,

113 3090 179 3144 rade
187 3091 217 3142 in
229 3090 332 3145 diesem
347 3089 592 3159 Zusammenhang
602 3091 694 3144 nichts
771 3095 795 3145 ὅ,
810 3092 1020 3161 parricidarum]
1049 3095 1120 3147 wohl
1147 3091 1187 3145 mel

114 3174 234 3242 weniger
248 3176 288 3226 als
306 3175 383 3227 edel:
401 3175 474 3227 deun
492 3175 595 3241 genade
612 3175 694 3228 Late·
737 3176 831 3230 Cicero
849 3194 882 3228 zu
900 3175 1034 3242 Gefallen,
1063 3178 1102 3231 als
1127 3194 1169 3230 ans

113 3258 200 3310 reneis
219 3275 277 3310 war
293 3276 321 3312 es
340 3275 473 3326 gewesen,
499 3258 549 3311 der
575 3258 693 3311 Plancus
736 3247 939 3326 Uberzeugung
958 3259 1044 3312 wthls
1063 3261 1187 3314 Plancusr

113 3357 162 3393 vor
180 3341 301 3408 Lepidus
319 3346 445 3410 gewarnt
464 3341 558 3395 hatte:
575 3340 640 3395 fam.
659 3340 693 3407 X,
735 3343 930 3396 Antonianern
937 3343 1030 3397 diesen
1042 3344 1187 3398 starkenlln

112 3427 152 3488 21,
170 3426 202 3491 33
229 3425 297 3479 Vell.
324 3426 431 3479 Patere.
460 3426 495 3489 ΙΙ,
521 3427 562 3490 63,
579 3427 613 3477 2:
641 3426 693 3478 suc
734 3428 783 3481 der
814 3427 908 3480 bisher
948 3428 1116 3496 umgekehrt
1142 3439 1187 3495 geg*

113 3510 219 3559 :latonii
243 3512 388 3576 inpressum
413 3512 442 3561 ia
464 3519 551 3562 caetra
577 3508 692 3576 (Lepidi)
734 3511 848 3564 Mdrder
864 3511 962 3563 Ca'sars
981 3512 1038 3564 und
1057 3506 1187 3577 dieRepub

116 3593 248 3643 Iavmlias
266 3593 421 3658 merearis,
438 3595 479 3644 etr
495 3595 550 3645 vila
567 3611 598 3645 ac
615 3603 694 3645 morte
734 3594 894 3661 dberhaupt
921 3593 1080 3662 gebraucht
1103 3592 1187 3647 worda

112 3685 312 3740 consentaneas,
339 3694 396 3727 mem
425 3678 548 3728 unanime
576 3679 693 3729 mearet
734 3677 937 3746 vollstiindiger
954 3677 1025 3731 Phil.
1044 3679 1079 3744 ΙΙ,
1097 3681 1142 3732 17:
1158 3675 1180 3727 le

113 3760 221 3825 Lepido,
238 3778 271 3811 aa
288 3776 313 3810 se
330 3776 387 3809 eam
405 3760 517 3811 Antonio
543 3763 610 3813 lucete
626 3763 692 3813 iadi-
731 3764 885 3829 parricidia
899 3760 963 3815 Sall.
982 3762 1064 3816 Catil.
1084 3766 1121 3827 51,
1138 3762 1176 3813 25:

112 3853 168 3894 cato
185 3844 309 3909 lamparet,
335 3843 428 3893 irritae
453 3846 552 3896 concilii
562 3846 650 3911 plodio
667 3863 693 3898 ee
734 3847 879 3898 ricidasret'
892 3840 1187 3911 publicae—traam

113 3928 166 3992 ipse
184 3927 323 3992 transpicit.
369 3924 419 3978 Die
438 3925 588 3996 Wendung
597 3929 693 3980 dicitur
734 3929 919 3996 anlassuugen
955 3946 1004 3981 zur
1030 3929 1187 3985 Erbittemnt

112 4013 224 4062 uictam
241 4012 279 4063 ist
296 4010 358 4063 eine
376 4009 448 4062 leere
467 4009 630 4078 Redensart‚
656 4028 693 4065 an
735 4012 1039 4081 th.Sti1.47‚1.-
1057 4000 1187 4078 exceperam]

113 4094 157 4146 die
167 4093 282 4147 Plancus
297 4093 382 4147 selbst
391 4093 551 4146 schwerlich
561 4093 692 4162 glaubte:
734 4097 838 4165 faugen
857 4098 945 4149 hatte.

113 4176 164 4230 Dio
181 4177 254 4230 Cass.
271 4179 313 4241 46,
330 4179 362 4230 51
382 4181 445 4244 sagt
461 4194 532 4245 ganz
558 4176 588 4229 in
606 4165 693 4232 Uber·
768 4182 792 4234 6.
810 4182 882 4232 caius
899 4176 993 4246 ipsias]
1013 4179 1152 4244 Octavian,
1164 4170 1186 4223 dt

112 4260 313 4328 einstimmung
346 4261 400 4313 mit
435 4260 570 4327 Vellejus:
611 4259 691 4324 αὐτὸς
735 4265 841 4317 damals
860 4263 1012 4331 allgemein
1040 4265 1082 4318 als
1107 4252 1187 4316 Tcdftil

113 4343 210 4398 ἑαυτὸν
262 4348 314 4398 τῶν
357 4347 527 4412 στρατιωτῶν
569 4341 693 4414 ὁρώντων
734 4347 874 4400 Antonius
896 4345 1003 4398 ansehn
1030 4350 1138 4400 musele-
1156 4363 1179 4377 ³

112 4429 309 4496 κατεχρήσατο.
345 4427 400 4480 Der
426 4428 511 4481 Senat
539 4426 618 4482 ehrte
644 4429 692 4482 ihn
735 4428 794 4498 tac]
813 4447 846 4482 au
863 4446 906 4497 ep.
923 4431 965 4498 72,
994 4432 1019 4484 2.
1037 4458 1071 4470 -
1095 4426 1183 4483 emnil

106 4511 195 4568 durch
215 4512 277 4569 eine
297 4510 398 4568 Status
414 4511 476 4567 und
492 4511 540 4567 ein
562 4512 696 4569 Leielueu·
734 4514 776 4566 ‘iu
795 4514 890 4580 allam,
908 4513 937 4566 iu
952 4513 1035 4581 jeder
1052 4500 1187 4570 Baieluf
