2604 4860
114 62 177 123 440
581 56 626 108 Ad
644 55 709 109 fam.
727 53 800 120 XVI,
817 57 859 109 21.
1184 54 1237 124 [Ep.

116 242 346 319 discesserant;
370 261 509 323 quorum
533 240 610 303 mihi
632 240 695 305 luit
716 239 873 304 adventus
891 240 1136 321 optatissimus3
1158 261 1226 305 nam

115 342 288 406 maximam
312 342 466 422 cepissem
495 341 657 405 laetitiam
679 361 719 405 ex
740 339 966 404 humanissimi
987 347 1021 404 et
1043 341 1199 405 carissimi
1217 364 1235 424 p

115 441 264 525 epistula,
296 447 366 504 tum
397 462 473 505 vero
504 439 753 505 iucundissimae
784 448 862 505 tuae
884 440 1014 504 litterae
1046 441 1212 505 cumulum

114 543 224 624 gaudii
255 541 444 607 attulerunt.
467 541 583 624 Itaque
600 562 651 606 me
673 541 736 605 iam
760 562 823 604 non
842 541 1034 623 paenitebat
1050 541 1237 624 intercaped

115 642 273 706 scribendi
292 642 413 720 fecisse,
432 643 486 706 sed
505 642 615 723 potius
638 641 806 720 laetabar;
828 641 971 705 fructum
989 642 1077 705 enim
1096 663 1237 725 magnum

115 744 282 807 manitatis
308 749 385 806 tuae
408 742 575 825 capiebam
598 764 637 806 ex
658 743 786 807 silentio
818 763 962 806 mearum
983 742 1182 806 litterarum.
1222 743 1237 804 l

115 850 239 907 menter
264 843 365 924 igitur
387 843 513 925 gaudeo
535 850 568 907 te
590 864 694 907 meam
723 844 791 906 sine
812 842 1017 907 dubitatione
1048 843 1210 926 accepisse
1230 863 1237 905 ε

115 943 282 1008 sationem.

74 1085 90 1135 2
200 1063 319 1125 Gratus
341 1062 402 1124 tibi
423 1067 617 1143 optatosque
640 1080 717 1138 esse,
740 1060 796 1143 qui
819 1061 858 1124 de
881 1080 931 1123 me
955 1081 1106 1125 rumores
1124 1061 1236 1125 adleru

116 1182 180 1225 non
199 1161 325 1239 dubito,
344 1163 388 1224 mi
408 1161 592 1225 dulcissime
609 1161 694 1239 Tiro,
712 1163 949 1244 praestaboque
967 1152 1136 1240 breuiter,
1156 1162 1237 1225 utin

115 1263 220 1344 magis
238 1263 404 1345 magisque
427 1262 507 1327 haec
528 1282 665 1327 nascens
697 1263 735 1326 de
763 1283 813 1326 me
835 1262 1019 1346 duplicetur
1041 1264 1174 1347 opinio:
1207 1284 1237 1344 qs

115 1362 204 1445 quod
226 1362 388 1445 polliceris
410 1369 443 1426 te
462 1363 683 1428 bucinatorem
702 1364 772 1428 fore
790 1365 1037 1428 existimationis
1055 1385 1161 1442 meae,
1184 1363 1237 1426 firr

115 1463 342 1544 constantique
364 1463 472 1528 animo
494 1463 594 1528 facias
616 1465 708 1543 licet;
731 1471 861 1528 tantum
879 1465 962 1528 enim
984 1464 1067 1527 mihi
1090 1464 1236 1529 dolorem

115 1566 301 1645 oiatumque
325 1566 508 1628 attulerunt
531 1570 641 1628 errata
663 1565 781 1629 aetatis
802 1585 903 1644 meae,
926 1571 1049 1629 utnon
1073 1566 1182 1629 solum
1204 1586 1237 1627 an

116 1685 135 1726 a
157 1662 262 1742 factis,
286 1664 341 1728 sed
365 1685 459 1728 aures
477 1686 607 1748 quoque
629 1687 649 1729 a
670 1666 973 1731 commemoratione
992 1665 1213 1745 abhorreant:
1234 1693 1237 1720 ι

115 1773 147 1829 te
165 1765 391 1830 sollicitudinis
410 1773 442 1830 et
461 1767 580 1830 doloris
598 1767 787 1849 participem
806 1767 905 1831 fuisse
924 1774 1038 1831 notum
1056 1766 1237 1849 exploratur

115 1873 164 1930 est
184 1867 286 1944 mihi3
308 1887 366 1930 nec
383 1867 417 1930 id
435 1869 571 1946 mirum;
594 1888 670 1932 nam
693 1889 765 1931 cum
789 1869 897 1932 omnia
919 1889 991 1932 mea
1013 1888 1113 1931 causa
1135 1867 1229 1931 velles

115 1987 269 2043 successe,
294 1976 360 2031 tum
384 1967 486 2031 etiam
509 1974 575 2047 tua,
608 1970 730 2032 socium
757 1969 841 2032 enim
863 1975 895 2031 te
917 1988 1060 2033 meorum
1085 1967 1237 2032 commod

115 2087 240 2150 semper
262 2088 328 2131 esse
350 2068 446 2133 volui.

73 2211 89 2261 3
199 2184 356 2259 Quoniam
375 2186 475 2267 igitur
492 2193 562 2250 tum
581 2207 620 2249 ex
633 2206 683 2248 me
701 2186 843 2265 doluisti,
862 2207 956 2265 nunc,
974 2192 1012 2249 ut
1031 2186 1237 2270 dupliceturt

115 2306 155 2348 ex
176 2307 226 2349 me
249 2285 415 2367 gaudium,
438 2286 619 2368 praestabo.
663 2285 818 2368 Cratippo
849 2307 899 2350 me
921 2286 1004 2350 scito
1036 2306 1102 2350 non
1126 2294 1165 2350 ut
1187 2285 1237 2349 dist

115 2385 191 2462 lum,
221 2386 277 2448 sed
299 2393 337 2448 ut
358 2386 462 2449 filium
493 2408 560 2452 esse
582 2386 896 2465 coniunctissimum;
919 2408 994 2450 nam
1017 2407 1092 2450 cum
1115 2386 1212 2451 audio
1232 2386 1237 2446 i

115 2487 263 2566 libenter,
288 2493 356 2550 tum
380 2490 477 2552 etiam
508 2491 674 2572 propriam
704 2490 772 2552 eius
794 2488 989 2552 suavitatem
1020 2488 1225 2552 vehementer

114 2589 255 2670 plector:
286 2610 357 2651 sum
380 2596 469 2653 totos
491 2589 558 2653 dies
582 2611 654 2653 oum
676 2611 713 2654 eo
742 2591 907 2675 noctisque
929 2610 1161 2672 saepenumero
1180 2609 1235 2671 par

115 2710 211 2753 exoro
235 2690 328 2767 enim,
352 2698 390 2754 ut
411 2712 534 2754 mecum
566 2712 664 2773 quam
695 2692 879 2773 saepissime
903 2697 1002 2754 cenet.
1045 2688 1115 2754 Hac
1139 2687 1237 2752 introi

115 2959 184 3011 dazu
203 2976 246 3026 ep.
259 2962 299 3025 57,
319 2964 349 3026 1;
367 2971 390 3014 et
410 2979 457 3014 vor
472 2972 569 3014 aemam
587 2963 624 3014 ist
642 2962 701 3014 auf·
742 2971 807 3014 recte
831 2962 952 3029 loquendi
977 2978 1055 3027 caper
1087 2979 1187 3028 quoque
1218 2979 1237 3011 ei

115 3042 230 3110 fallend;
248 3045 305 3111 vgl.
324 3043 699 3113 ep.141,5.-bumanitatis]
743 3045 853 3099 Servius
871 3063 905 3096 zu
917 3046 986 3097 Aen.
1000 3042 1075 3110 VIII,
1094 3046 1162 3097 168:
1183 3045 1237 3096 Cice

116 3126 182 3178 Gen.
201 3131 376 3194 epeceyeticus.
743 3131 881 3196 epistulam
898 3131 986 3194 culpat
997 3130 1088 3194 filium
1099 3130 1190 3180 diceas
1197 3145 1237 3177 mo

149 3212 173 3261 2.
195 3210 409 3280 Gratos.,.esse]
437 3213 505 3266 iiber
523 3213 577 3266 den
596 3216 659 3267 Ace.
678 3231 700 3267 c.
743 3214 837 3264 diuisae
864 3213 963 3276 „direci
980 3213 1048 3262 duas
1067 3211 1194 3276 litteras“,
1215 3228 1237 3262 co

115 3293 168 3344 Inf.
186 3293 336 3347 besonders
355 3313 440 3361 vor,
464 3297 542 3349 nicht
559 3298 630 3349 nach
648 3317 701 3350 noa
743 3306 821 3359 cerae,
856 3296 969 3361 quotiens
1004 3297 1146 3362 epistulam
1179 3296 1237 3361 siqui

115 3379 208 3443 dubito,
226 3380 299 3430 haud
316 3382 423 3432 dubium
441 3390 484 3447 eet,
509 3400 581 3433 nemo
603 3384 701 3434 dubitat
742 3381 845 3430 numeri
862 3380 1089 3444 tontumpluralia
1102 3382 1171 3431 aiat:
1189 3379 1237 3431 dies

115 3479 136 3512 s.
154 3460 209 3512 ΡΑ.
227 3460 262 3524 ΙΙ,
282 3465 337 3528 101,
355 3463 419 3517 Zus.
437 3467 461 3528 3,
479 3481 504 3516 a.
538 3464 633 3518 Cicero
651 3466 701 3518 hat
743 3462 813 3514 wird
831 3462 1005 3529 aberwegen
1016 3461 1065 3514 des
1077 3461 1232 3515 Ansdrucls

115 3545 161 3598 die
180 3545 385 3599 Konstruktion
404 3547 483 3600 nicht
496 3546 700 3614 (GemsstdG.
743 3563 796 3599 von
808 3545 935 3598 Wdlfflin
954 3546 1112 3599 bezwoifelt
1130 3563 1165 3597 zu
1184 3545 1237 3596 bh

117 3631 157 3694 35,
176 3629 246 3696 272),
266 3630 390 3697 dagegen
418 3631 531 3683 Asinius
550 3632 638 3684 Pollio
656 3649 700 3699 ep.
743 3632 776 3695 33
803 3629 906 3683 Archiv
924 3628 971 3694 IV,
998 3631 1055 3682 100.
1074 3657 1107 3666 -
1125 3624 1234 3691 successe]

118 3717 182 3780 141,
208 3717 225 3768 5
252 3713 388 3782 (Schmalz
419 3713 444 3767 S.
471 3717 505 3768 88
522 3737 555 3758 =
572 3716 615 3781 25)
643 3715 701 3768 und
743 3713 895 3782 besserung
912 3731 966 3767 von
978 3711 1114 3766 Schwabe
1133 3714 1179 3765 fiir
1194 3711 1236 3762 das

116 3797 268 3851 Trebonius
295 3799 360 3850 farn.
387 3798 450 3860 Xll,
478 3801 518 3864 16,
535 3802 559 3851 2.
585 3828 619 3836 -
642 3817 701 3851 cum
743 3796 852 3850 lielerte
870 3814 998 3849 successa:
1019 3814 1053 3849 zu
1073 3799 1170 3864 ep.27,
1186 3798 1237 3848 2-

116 3884 205 3934 celles.
217 3922 222 3933 .
235 3921 250 3944 .,
267 3892 321 3934 tum
332 3923 337 3935 .
348 3923 354 3934 .
365 3881 381 3949 .]
405 3882 447 3934 Ist
465 3882 513 3934 der
531 3881 603 3935 Text
620 3882 700 3935 iiber·
743 3899 833 3934 causo.

117 3965 207 4031 haupt
234 3966 355 4034 richtig,
385 3983 415 4019 so
441 3968 479 4018 ist
505 3967 567 4018 dem
594 3965 701 4018 Schrei·
776 3966 801 4016 3.
823 3965 957 4032 Orotippol
968 3966 1201 4031 Peripateticorum
1214 3978 1237 4012 oo

118 4049 227 4101 benden
246 4068 279 4102 au
296 4049 358 4106 dem
377 4048 532 4118 Satzgliede
552 4060 606 4101 tum
624 4051 701 4101 etiam
737 4049 823 4114 focile
837 4051 960 4115 princeps
978 4047 1063 4109 (Tim.
1078 4047 1112 4115 1),
1131 4065 1180 4102 aus
1197 4044 1237 4109 My

117 4143 163 4184 tuo
190 4133 239 4185 das
263 4132 384 4186 Verbum
412 4133 439 4186 in
468 4133 517 4185 der
543 4132 631 4186 Foder
656 4150 702 4200 ge·
744 4131 794 4183 suf
823 4131 934 4184 Lesbos.
978 4130 1199 4198 Hauptsttchlioh
1223 4144 1237 4177 s

117 4216 236 4269 bliebeu.
275 4217 352 4270 Nach
380 4217 536 4282 Quintilian
561 4215 591 4280 I,
618 4220 650 4281 7,
668 4218 702 4268 34
744 4231 841 4283 wegen
859 4231 917 4267 war
935 4214 985 4267 der
1000 4214 1092 4283 junge
1102 4215 1194 4270 Cicero
1205 4226 1237 4265 voi

112 4319 171 4356 war
181 4301 278 4357 Cicero
291 4304 320 4357 in
331 4304 401 4373 filio,
418 4313 449 4356 ut
458 4301 577 4370 epistolis
585 4309 707 4368 apparet,
744 4315 810 4352 nem
836 4297 922 4352 Vater
956 4297 1028 4351 nach
1058 4299 1156 4354 Athen
1187 4310 1237 4367 gest
