2602 4890
119 196 181 260 272
595 193 640 279 uu
657 195 719 247 ιιι.
737 190 811 258 vm,
827 191 852 245 ι.

486 358 614 424 LXVII.
635 357 692 444 (ad
712 358 780 423 Αιι.
801 355 889 438 VIII,
910 358 953 440 3.)

134 495 192 551 Ser.
208 496 239 551 in
257 512 325 565 egro
342 495 442 551 Caleno
459 495 543 565 paulo
560 496 625 564 post
642 513 667 550 a.
685 493 712 549 d.
729 493 799 548 XIII
815 492 878 547 KaL
896 490 1014 547 Martias
1032 492 1066 545 A.
1086 488 1118 545 U.
1135 489 1163 544 C.
1180 494 1199 545 7¹

469 610 512 679 M.
534 610 690 677 CICERO
711 609 866 676 ATTICO
887 608 974 677 SAL.

74 762 89 813 1
201 741 349 808 Maximis
370 749 404 809 et
423 745 612 810 miserrimIs
633 745 732 811 rebus
752 743 978 828 perturbatus,
999 762 1075 807 cum
1093 761 1199 807 coram

116 843 196 907 mihi
216 852 363 928 potestas
383 845 586 912 deliberandi
602 867 669 912 non
685 851 780 926 esset,
802 845 852 910 uti
868 850 975 909 tamen
993 850 1052 909 tue
1070 843 1199 909 consiliu

114 946 307 1014 deliberatio
338 954 449 1012 autem
479 948 583 1012 omnis
613 947 694 1011 haec
723 953 782 1025 est,
814 945 842 1009 si
862 943 1035 1027 Pompeius
1057 942 1200 1009 Italiae

115 1047 204 1129 quod
226 1069 300 1113 eum
322 1048 487 1113 facturum
505 1067 575 1112 esse
592 1047 749 1129 suspicor,
780 1046 858 1128 quid
880 1045 959 1111 mibi
976 1045 1141 1127 agendum
1158 1066 1199 1127 pu

114 1168 181 1230 quo
198 1148 327 1215 facilius
345 1147 515 1214 consilium
532 1147 609 1213 dare
626 1147 740 1230 possis,
762 1145 842 1229 quid
859 1145 894 1210 iu
909 1150 1083 1227 utramque
1101 1151 1199 1227 parte

114 1247 148 1311 iu
169 1255 306 1314 mentem
328 1249 448 1328 veniat,
469 1248 636 1332 explicabo
659 1247 757 1314 brevi.

69 1359 87 1412 2
196 1347 277 1414 Cum
294 1352 411 1414 merita
427 1347 571 1432 Pompeii
588 1368 715 1413 summa
730 1367 809 1429 erga
822 1345 960 1412 salutem
975 1366 1080 1411 meam
1101 1345 1199 1413 famil:

111 1468 185 1531 que,
202 1469 286 1531 quae
303 1449 383 1515 mihi
400 1470 475 1515 cum
490 1468 530 1515 eo
547 1456 606 1528 est,
622 1455 694 1515 tum
710 1448 782 1532 ipsa
798 1447 847 1513 rei
866 1447 1016 1530 publicae
1032 1467 1133 1513 causa
1149 1468 1199 1512 me

113 1551 166 1628 cit,
184 1555 222 1613 ut
233 1549 313 1613 mihi
324 1550 374 1615 vel
392 1549 560 1615 consilium
575 1569 682 1613 meum
697 1569 769 1614 cum
783 1548 870 1615 illius
887 1547 1020 1613 consilio
1035 1548 1086 1613 vel
1104 1547 1199 1613 furtu:

109 1649 273 1732 iungenda
293 1669 362 1715 esse
382 1649 540 1716 videatur.
573 1649 705 1715 Accedit
725 1649 826 1715 illud:
855 1649 884 1714 si
910 1669 1024 1714 maneo
1049 1653 1083 1713 et
1108 1648 1199 1715 illum

110 1754 219 1815 tatum
241 1750 437 1832 optimorum
457 1756 491 1815 et
512 1750 764 1816 clarissimorum
787 1750 903 1815 civium
924 1749 1045 1829 desero,
1072 1749 1196 1815 cadeud

114 1848 149 1913 iu
165 1849 262 1913 unius
282 1856 485 1932 potestatem,
508 1852 565 1934 qui
582 1849 642 1915 etsi
664 1850 775 1915 multis
795 1850 893 1915 rebus
913 1849 1074 1933 significat
1090 1870 1126 1914 se
1144 1851 1199 1916 nol

110 1949 257 2029 amicum,
273 1985 315 1998 -
331 1956 366 2017 et
382 1958 420 2016 ut
436 1957 530 2031 esset,
551 1972 572 2016 a
593 1971 645 2017 me
662 1958 712 2018 est
727 1987 771 2001 -
786 1956 859 2016 tute
874 1949 936 2015 scis
953 1987 996 2001 -
1012 1957 1147 2034 propter
1168 1972 1199 2016 su

110 2071 183 2115 nem
201 2051 297 2116 huius
310 2051 525 2135 impendentis
542 2053 745 2136 tempestatis
758 2053 861 2118 multo
879 2057 955 2118 ante
971 2050 1138 2134 provisum
1149 2091 1199 2132 -‚

109 2158 284 2234 utrumque
306 2153 574 2219 considerandum
595 2161 653 2233 est,
687 2160 720 2219 et
742 2160 868 2237 quanta
887 2153 968 2218 tides
989 2153 1018 2218 ei
1040 2153 1090 2225 sit,
1106 2152 1199 2219 haber

112 2252 140 2317 si
163 2251 300 2317 maxime
321 2253 524 2338 exploratum
545 2254 588 2319 sit
610 2274 684 2319 eum
705 2255 800 2320 nobis
820 2254 960 2319 amicum
977 2252 1054 2332 fore,
1077 2253 1198 2317 sitnev

113 2356 156 2422 tis
177 2362 209 2421 et
231 2355 307 2421 boni
324 2352 411 2432 civis,
428 2372 496 2418 esse
517 2353 551 2417 in
572 2374 611 2420 ea
631 2353 724 2434 urbe,
745 2357 778 2418 in
800 2375 876 2437 qua,
898 2374 971 2419 cum
991 2355 1124 2418 summis
1142 2353 1199 2419 hor

112 2454 318 2538 imperiisque
340 2473 418 2518 usus
438 2453 491 2532 sit,
514 2474 564 2518 res
585 2455 742 2519 mammas
760 2454 906 2538 gesserit,
928 2452 1111 2520 sacerdotio
1129 2455 1174 2520 sit
1192 2476 1199 2518 ι

144 2656 256 2712 LXVII.
274 2654 553 2710 Dieservortrefflich
562 2656 698 2724 geschrie·
739 2658 870 2711 delectabit
895 2666 981 2710 aester
997 2658 1136 2718 advectum
1159 2660 1199 2709 dte

111 2741 182 2795 bene
199 2739 277 2793 Briei
301 2740 339 2793 ist
361 2740 464 2794 wieder
480 2740 526 2794 ein
544 2740 698 2794 deutlicher
739 2742 808 2794 euim
825 2759 878 2792 cea
891 2751 980 2808 potero
997 2742 1068 2805 mibi,
1095 2759 1163 2808 quae
1180 2759 1199 2791 a

110 2824 195 2892 Beleg
210 2823 300 2889 dafiir‚
317 2825 371 2876 mit
381 2823 498 2878 welcher
506 2824 697 2894 Leichtigkeit
740 2834 767 2876 ta
792 2826 852 2890 siat,
877 2825 1017 2891 displicere.
1060 2826 1115 2877 Am
1143 2828 1183 2878 17.

111 2908 203 2963 Cicero
230 2906 317 2961 selbst
342 2906 476 2976 fiiichtige
499 2907 697 2976 Mitteiluugen
738 2906 885 2960 schwanbt
897 2905 991 2960 Cicero
1008 2907 1087 2973 noch,
1105 2907 1141 2961 ob
1153 2925 1199 2962 er¹

109 2992 140 3045 in
158 2992 201 3046 die
222 2991 281 3044 ihm
308 2991 411 3044 eiumal
437 2990 574 3061 geldufige
599 2991 697 3046 kiinst·
738 2989 804 3043 solIe
821 2987 893 3056 (stt.
910 2988 984 3058 VIII,
1001 2992 1026 3056 2,
1042 2991 1084 3058 4):
1111 2991 1199 3045 sicher

110 3074 210 3129 Ierisch
253 3073 426 3128 rhetorische
459 3073 543 3129 Fcrm
583 3074 696 3142 kleidst,
738 3071 791 3125 den
808 3074 849 3126 21.
864 3074 965 3128 wieder
981 3073 1012 3127 in
1028 3073 1142 3128 Formi'a
1159 3078 1195 3135 (Α

110 3157 182 3212 ohne
215 3157 278 3211 dass
306 3157 357 3210 der
382 3157 520 3212 Iamiliiire
542 3157 697 3212 Charakter
737 3157 762 3221 δ,
788 3158 819 3209 1:
846 3175 903 3210 cam
930 3169 989 3212 ante
1011 3162 1093 3212 lacem
1116 3160 1193 3211 VIII

110 3241 159 3295 dee
189 3240 292 3294 Briefes
324 3256 395 3307 ganz
418 3240 591 3311 ausgegeben
616 3242 695 3296 erd.
737 3249 760 3292 te
768 3242 868 3293 litterae
878 3240 1024 3308 dedissem:
1037 3243 1096 3297 also
1105 3238 1199 3294 falltd

111 3323 184 3377 Eine
200 3340 307 3392 genaue
321 3323 539 3393 Zergliederung
556 3325 626 3378 wird
644 3325 696 3379 zei·
737 3323 835 3379 dassen
853 3324 1075 3394 Beantwortuug
1101 3325 1192 3380 durch

109 3424 173 3477 gen,
191 3406 292 3460 welche
303 3406 381 3460 FiiIIe
394 3407 577 3462 historischer
585 3408 695 3462 Andeu-
737 3407 830 3463 Cicero
856 3425 902 3462 am
919 3411 960 3462 22.
979 3408 1049 3463 noch
1077 3415 1196 3463 erwarte

110 3495 218 3558 turgeu
232 3488 263 3541 in
276 3488 378 3543 diesem
391 3490 473 3544 einen
486 3490 576 3546 Briefe
589 3509 695 3546 zusam·
736 3496 760 3559 4,
780 3494 816 3558 3),
835 3493 969 3547 zwischeu
987 3493 1041 3547 den
1060 3496 1100 3547 17.
1110 3493 1168 3546 und
1179 3496 1196 3546 2

112 3572 315 3643 mengedritngt
340 3574 386 3626 ist.
424 3573 520 3628 Cicero
537 3574 617 3629 hatte
634 3592 695 3629 ver·
736 3576 800 3631 eber
818 3576 927 3631 auidis
944 3583 1037 3635 ersten
1055 3577 1139 3647 Tage.
1166 3577 1199 3631 De

112 3656 201 3722 sucht,
218 3673 271 3710 von
285 3655 413 3711 Formiae
430 3674 479 3712 aus
497 3676 531 3712 zu
545 3658 693 3726 Pompejus
736 3666 786 3715 ten
795 3660 928 3715 Briefdes
939 3660 1088 3729 Pompejus
1106 3678 1149 3729 ep.
1168 3666 1199 3716 73

107 3741 152 3794 ins
178 3739 404 3808 Hauptquartier
430 3739 502 3794 nach
519 3741 637 3796 Luceria
663 3744 693 3796 in
735 3742 829 3799 Cicero
842 3747 900 3797 erat
917 3761 963 3797 am
980 3746 1021 3798 27.
1030 3743 1119 3811 Febr„
1138 3746 1181 3798 als

108 3825 230 3893 Apulieu
258 3842 291 3878 zu
317 3825 464 3893 gelangeu,
495 3823 592 3880 kehrte
618 3827 694 3895 aber,
734 3826 1199 3884 roncoriiniumschonbekauntr

108 3908 171 3961 weil
188 3906 288 3960 erden
302 3906 374 3977 Weg
392 3907 478 3962 dahin
495 3909 583 3962 durch
595 3910 692 3965 Ctisars
734 3916 776 3975 74,
792 3915 817 3966 4.

108 3990 457 4058 Truppenunsicherfand,
469 3991 572 4047 wieder
581 3994 693 4048 um'und
767 3997 791 4050 2.
809 3996 1196 4066 velfcrtuaucoaiauqendu]b

108 4074 216 4128 schrieb
235 4080 393 4144 unterwegs
410 4074 481 4128 noch
494 4076 524 4129 in
538 4076 588 4131 der
601 4076 694 4131 Nacht
734 4079 829 4148 gische
838 4079 1084 4134 Ausdrucksweise
1093 4079 1150 4134 fiir:
1157 4084 1199 4149 fa.

108 4156 158 4210 auf
172 4156 263 4210 ciuem
281 4158 354 4212 Gute
364 4158 409 4213 bei
419 4158 496 4213 Cales
506 4158 601 4212 diesen
611 4160 693 4214 Brief.
735 4166 807 4217 illiue
817 4166 942 4231 fortune,
959 4162 998 4215 im
1016 4162 1142 4217 Briefstil
1161 4184 1199 4219 un

107 4240 163 4295 Das
181 4240 286 4296 Datum
304 4242 342 4294 ist
360 4242 438 4296 nicht
457 4242 563 4297 sicher:
589 4259 635 4297 am
653 4245 693 4298 lb.
734 4246 799 4301 Iich.
815 4275 849 4284 -
865 4248 945 4299 mutm
962 4257 1023 4299 aare
1030 4249 1175 4314 peccham}
1194 4267 1199 4301 ι

107 4324 187 4379 Febr.
197 4325 319 4380 schreibt
330 4343 360 4379 er
372 4330 432 4380 att.
438 4325 513 4394 VIII,
524 4329 546 4394 1,
554 4328 584 4379 4.·
601 4328 693 4380 dimus
734 4329 787 4384 4ff.
797 4358 828 4368 -
841 4332 927 4383 mulda
935 4328 1016 4397 retae]
1028 4331 1058 4383 iu
1068 4332 1160 4385 vielen
1170 4332 1199 4385 B<

107 4419 193 4462 tamea
218 4411 359 4463 Luceriam
389 4409 449 4477 (auf
467 4410 512 4464 die
529 4426 575 4464 am
594 4412 633 4464 15.
650 4427 691 4465 er·
733 4430 796 4481 gen.
814 4412 1027 4483 —impeetisque]
1045 4414 1114 4483 geht
1125 4414 1188 4470 hIer

105 4492 221 4548 haltere
239 4508 282 4563 ep.
300 4494 333 4548 65
350 4492 420 4562 hin),
436 4511 482 4548 nec
498 4512 557 4548 eam
576 4495 692 4562 fertem
733 4496 778 4551 dIe
792 4488 1102 4567 burgerlichenh'mter.
1119 4527 1154 4537 —
1170 4518 1199 4553 ec
