2602 4890
68 220 72 229 “
106 206 169 273 310
190 232 193 237 >
592 202 638 259 Ad
653 202 721 260 lam.
736 202 785 269 IX,
801 204 826 257 9.
1191 200 1226 271 [Β]

106 377 271 439 ostentare
292 371 404 438 erebro
427 371 561 452 solebat,
583 391 651 437 esse
671 375 791 449 tntum,
820 373 853 435 et
875 370 935 436 hoo
957 369 1067 448 etiam,
1098 366 1186 452 quod
1204 366 1226 430 it

108 473 223 556 onique
246 471 391 554 contigit,
420 472 469 536 illi
491 491 556 537 non
588 492 681 555 posse
712 471 908 553 contingere,
939 475 978 535 ut
1008 469 1144 535 honeste
1173 467 1226 532 elio

108 572 220 658 possit,
242 573 334 656 pulso
360 571 468 651 Italia,
499 572 628 637 amissis
651 572 827 656 Hispaniis,
857 575 953 654 capto
983 569 1127 635 exercitu
1156 573 1226 632 vete:

107 673 352 738 circumvallato
370 693 456 738 nuno
473 673 619 757 denique,
641 672 729 757 quod
745 673 851 737 neseio
870 692 912 736 an
929 671 1012 735 nulli
1032 690 1188 754 umquam
1203 689 1226 732 n

110 773 261 841 acciderit
281 773 477 857 imperatori.
520 772 624 850 Quam
647 773 690 839 ob
712 793 791 851 rem,
813 771 891 855 quid
910 775 968 835 aut
990 770 1044 836 ille
1065 790 1196 853 sperare
1216 790 1226 852 ι

110 880 168 940 aut
189 880 235 954 tu,
258 875 400 939 animum
422 873 554 939 advorte
583 894 642 956 pro
671 878 732 939 tna
761 871 953 956 prudentia;
981 870 1028 935 sio
1049 869 1136 934 enim
1157 869 1226 934 facil

109 974 196 1059 quod
225 973 288 1039 tibi
309 973 516 1039 utilissimum
541 975 604 1039 erit
624 974 760 1053 consilii,
782 971 897 1056 oapies.
940 969 1026 1036 Illud
1048 975 1161 1035 autem
1182 976 1213 1034 te

108 1079 156 1154 nt,
185 1074 214 1139 si
242 1074 308 1139 iam
337 1073 392 1137 ille
418 1073 585 1139 evitaverit
606 1073 668 1140 hoo
689 1072 867 1157 perieulum
888 1077 976 1137 etse
997 1069 1163 1136 abdiderit
1184 1070 1215 1135 in

109 1196 185 1254 sem,
205 1180 244 1240 tu
264 1174 331 1239 tuis
352 1172 448 1239 rebus
470 1175 619 1239 oonsulas
640 1178 674 1238 et
695 1173 873 1259 aliquando
894 1172 956 1238 tibi
975 1172 1203 1255 potiusquam
1220 1193 1226 1235 ι

109 1279 153 1342 sis
175 1275 315 1342 amicus:
336 1274 416 1339 satis
437 1274 562 1339 factum
584 1280 632 1341 est
651 1277 717 1340 iam
738 1296 759 1340 a
778 1280 813 1340 te
833 1274 883 1340 vel
900 1273 1008 1339 offioio
1025 1272 1077 1337 vel
1093 1271 1226 1336 familiar

110 1376 190 1443 satis
219 1377 343 1442 fantum
372 1375 468 1440 etiam
489 1374 640 1458 partibus
661 1380 695 1440 et
715 1376 745 1440 ei
765 1376 813 1439 rei
834 1375 992 1458 publicae,
1022 1393 1123 1457 quam
1144 1377 1184 1437 tu
1204 1394 1226 1454 p‘

69 1481 86 1535 3
111 1476 180 1543 bas.
230 1476 401 1561 Reliquum
431 1480 489 1556 est,
520 1475 577 1540 ubi
597 1496 681 1542 nuno
711 1481 761 1541 est
780 1496 831 1540 res
853 1475 991 1559 publica,
1023 1473 1068 1541 ibi
1090 1474 1226 1556 simuss

111 1597 220 1661 quam,
241 1577 319 1642 dum
339 1576 428 1642 illam
450 1582 588 1643 veterem
610 1597 793 1660 sequamur,
815 1576 913 1641 simus
933 1577 967 1640 in
988 1575 1088 1641 nulla.

194 1677 265 1754 Qua
293 1698 330 1742 re
358 1677 462 1756 velim,
493 1678 539 1741 mi
573 1677 800 1742 iucundissime
830 1676 949 1752 Cicero,
979 1677 1007 1741 si
1036 1675 1121 1740 forte
1151 1675 1226 1741 Pom

111 1778 223 1862 pulsus
252 1779 303 1844 his
333 1799 463 1863 quoqne
491 1779 569 1845 loois
598 1800 694 1844 rusus
715 1779 796 1844 alias
817 1780 963 1861 regiones
982 1783 1093 1860 petere
1115 1782 1226 1857 cogatn

110 1883 149 1943 tu
181 1886 214 1944 te
243 1878 293 1944 vel
316 1878 458 1945 Athenas
486 1879 537 1944 vel
566 1879 600 1943 in
630 1879 777 1963 quamvis
806 1880 948 1963 quietam
978 1877 1116 1960 recipias
1138 1876 1226 1941 civite

112 1978 200 2062 quod
221 1979 249 2043 si
269 1979 333 2043 eris
354 1978 510 2060 facturus,
542 1979 637 2044 velim
658 1979 739 2044 mihi
760 1980 892 2059 scribas,
923 1984 962 2044 ut
984 1998 1054 2061 ego,
1084 1977 1113 2042 si
1135 1977 1205 2042 ullo

111 2083 235 2161 potero,
256 2078 299 2144 ad
320 2084 354 2144 te
375 2078 529 2149 advolem.
564 2080 791 2164 Quaecumque
810 2079 850 2145 de
866 2086 926 2145 tua
943 2078 1104 2162 dignitate
1123 2077 1166 2143 ab
1183 2077 1226 2140 im

111 2331 225 2385 kriiften
242 2332 286 2386 bei
304 2332 390 2387 Glisas
407 2334 435 2386 b.
452 2333 505 2387 aiv.
522 2332 571 2398 ΙΙΙ,
589 2333 605 2385 3
624 2350 650 2386 ιι.
668 2335 694 2387 4.
735 2349 790 2386 von
806 2342 835 2384 ot
852 2331 1000 2400 (gensuerz
1018 2330 1158 2385 Parataxa
1176 2334 1226 2384 sta

111 2442 146 2453 —
162 2414 297 2484 obesam]
320 2416 373 2470 mit
398 2417 461 2470 dam
479 2416 584 2470 Zusatr
608 2418 694 2470 crabro
735 2415 848 2486 potaxe)
874 2416 912 2468 ist
938 2415 998 2471 hier
1015 2414 1142 2482 weniger
1168 2413 1226 2467 aufl

112 2500 209 2553 verrit
226 2499 271 2553 dia
288 2499 383 2553 Breite
400 2501 448 2554 des
460 2499 629 2565 Ansdrnolss,
642 2499 694 2554 wie
735 2501 776 2554 als
793 2501 823 2554 in
840 2500 903 2553 dem
915 2498 1007 2553 Briele
1021 2498 1070 2552 des
1079 2498 1175 2552 Cicero
1185 2497 1226 2549 far

112 2583 152 2638 sie
196 2584 245 2637 dar
278 2582 482 2651 Volksspraohe
521 2582 603 2651 sigen
639 2582 691 2635 ist:
734 2587 776 2650 21,
793 2585 820 2637 5:
837 2585 965 2650 reliqum
983 2592 1029 2650 eat,
1047 2592 1120 2633 taam
1138 2585 1226 2649 profe<

112 2666 238 2721 Sohmalz
248 2667 338 2721 S.135.
352 2694 378 2702 -
391 2663 477 2733 capto]
487 2666 537 2718 das
547 2666 694 2733 spanisohe
734 2685 821 2720 oowre
843 2684 994 2734 prooeqtmr.
1020 2693 1053 2704 -
1079 2668 1116 2717 mi
1139 2668 1226 2718 iusum

112 2751 198 2806 Heer:
208 2754 232 2805 2.
242 2754 314 2820 Aug.
324 2753 366 2804 49.
378 2779 407 2789 -
416 2753 612 2804 circumvallato
621 2770 693 2805 nuno
739 2748 833 2818 Obsro]
850 2766 936 2816 zuep.
947 2753 985 2814 18,
997 2751 1021 2803 2.
1039 2778 1073 2787 -
1084 2751 1125 2802 bis
1141 2768 1226 2816 quoqu

113 2834 229 2905 deniqne]
240 2836 483 2903 wiepnlsozuilli:
501 2834 693 2889 alsdiefeind·
734 2833 876 2888 Dolabella
885 2833 932 2901 lag
940 2848 990 2885 vor
998 2831 1224 2900 Dyrrhachium

112 2918 203 2973 lichen
221 2917 309 2973 Heere
334 2933 385 2971 vor
403 2916 607 2984 Dyrrhachium
634 2918 692 2973 sioh
734 2918 811 2971 kann
820 2933 850 2969 er
859 2916 929 2970 anah
939 2925 1090 2984 sagenzut.
1103 2918 1191 2969 ‚odie
1199 2936 1226 2968 ac

113 3002 403 3071 gegeniiberstanden,
420 3000 524 3054 sohloss
535 3000 621 3055 Oiisar
638 3001 692 3055 don
734 3029 768 3040 -
783 2998 871 3068 roano]
888 2998 997 3067 (mm)
1015 3000 1067 3052 wia
1081 3017 1186 3067 mosia,
1210 3020 1226 3067 p

113 3084 271 3152 Pompejus,
288 3084 338 3137 der
354 3084 400 3138 die
413 3082 543 3139 Sohlaoht
560 3085 693 3151 vemied,
734 3102 817 3147 susos,
834 3102 924 3136 susum
941 3083 986 3137 die
1004 3083 1226 3137 albertiimlioher

114 3167 159 3222 bei
181 3168 265 3221 Petra
291 3168 344 3221 soit
370 3169 450 3235 April
477 3168 578 3222 immor
607 3184 694 3237 anger
735 3168 851 3236 vulg‘a‘re
867 3166 963 3229 norm,
988 3166 1033 3219 die
1059 3166 1131 3220 auch
1158 3166 1188 3218 in
1211 3165 1226 3217 1

114 3251 169 3304 ein.
189 3250 252 3304 Dies
261 3251 378 3304 bendtzt
387 3251 541 3317 Dolabella,
558 3268 605 3305 nm
615 3251 694 3306 Pom·
735 3268 790 3305 von
797 3250 889 3305 Ofilius
907 3249 1105 3318 (fam.v111,o‚
1120 3248 1156 3317 3),
1175 3249 1226 3303 D.l

113 3333 193 3402 pejus
203 3335 242 3386 als
252 3334 491 3389 einenFeldherrn
501 3336 695 3402 darzustellen,
736 3334 794 3403 (XI,
813 3339 853 3401 10,
869 3334 907 3404 4),
922 3334 1038 3387 Plancus
1057 3331 1104 3400 (X,
1123 3336 1162 3395 15,
1180 3333 1220 3400 4),

114 3418 163 3471 der
177 3417 300 3470 niohtzu
311 3416 694 3486 leohtenwage.-illadaa·
735 3420 764 3472 in
782 3419 872 3473 einem
890 3417 981 3471 Briele
1006 3417 1054 3470 des
1072 3416 1168 3470 Oioero
1193 3416 1226 3483 (la

113 3498 276 3568 lantepero]
290 3509 349 3568 peto
363 3500 416 3552 mit
429 3501 590 3569 doppeltem
599 3504 694 3558 Akkn·
735 3504 760 3570 ὅ,
769 3505 794 3568 2,
806 3502 872 3555 aber
889 3518 944 3554 nur
960 3517 1015 3555 von
1031 3503 1121 3554 erstar
1138 3499 1226 3566 Hand]

114 3584 189 3638 sativ
206 3583 281 3637 naoh
290 3583 426 3652 Analogia
438 3600 492 3637 von
506 3603 583 3652 poseo
599 3586 637 3640 ist
648 3586 694 3640 bei
735 3587 826 3640 liefert
843 3585 888 3639 ist.
931 3584 1039 3639 Ritsohl
1066 3584 1141 3637 Prol.
1158 3582 1227 3636 Trin

114 3666 258 3721 Dolabella
276 3664 355 3720 nieht
371 3685 405 3719 zu
423 3667 632 3739 beanstanden3
649 3670 694 3724 dia
736 3670 843 3723 Loranz
869 3687 903 3722 zu
921 3667 979 3721 Mil.
997 3668 1056 3721 295.
1074 3695 1108 3704 -
1125 3669 1226 3720 civitate

115 3749 323 3805 Konstrulstion
341 3748 429 3803 findet
447 3750 695 3821 siohbeidensp'a·
737 3753 827 3807 dieser
853 3750 1037 3818 Verbindung
1068 3749 1226 3818 gleiohbeds

115 3833 695 3905 terenEpistolographenmahrfaoh3vgl.
737 3837 791 3889 mit
808 3838 877 3899 arba,
902 3835 951 3888 das
978 3835 1042 3888 dem
1068 3835 1226 3902 spitonen]

114 3918 192 3974 Serv.
201 3936 235 3970 zu
243 3918 313 3971 Aen.
322 3916 344 3982 Ι,
352 3917 385 3970 65
394 3915 482 3970 Thilo:
498 3927 528 3968 ot
532 3921 613 3984 possit
619 3937 697 3985 prae·
738 3919 796 3973 und
813 3919 867 3973 den
890 3918 1084 3972 romanisohen
1102 3917 1226 3985 Spraohe

115 4012 184 4054 stare
199 4003 245 4069 qai
257 4002 363 4069 petitor.
382 4028 416 4039 -
432 4004 472 4054 vel
488 4002 574 4068 officio
595 3999 695 4069 vel...]
738 4003 816 4055 loren
834 4002 910 4070 ging.
952 4001 991 4054 Es
1008 4002 1046 4054 ist
1063 4000 1149 4055 sehon
1167 4002 1226 4054 arel

116 4086 166 4140 soll
184 4086 228 4139 ioh
246 4101 331 4153 sagon
349 4085 399 4138 dar
416 4083 518 4138 Pflioht
535 4084 601 4137 oder
614 4111 694 4136 ...-
738 4084 870 4153 vulg'arer
886 4084 1145 4154 Spraohgobrauoh,
1163 4085 1218 4140 den

115 4171 139 4223 ei
155 4172 194 4222 rei
207 4167 336 4238 publicos]
346 4167 509 4236 derjenigen
519 4166 694 4233 Staatsform,
737 4167 931 4222 versohm'dhte
946 4166 1027 4234 (Soet.
1037 4170 1083 4233 913
1094 4168 1182 4222 Aoad.
1193 4167 1226 4221 lv

115 4252 218 4306 welche
235 4252 272 4305 du
291 4251 610 4306 liirdiebestehieltest.
645 4249 695 4305 Die
737 4268 758 4304 s.
784 4249 910 4304 Wdlfflin
936 4251 1009 4305 Cass.
1035 4250 1115 4306 Felix
1132 4254 1181 4307 401
1208 4253 1225 4307 f.

114 4335 242 4404 folgende
268 4335 446 4405 Bemerkung
472 4338 577 4388 museto
601 4333 695 4388 Cioero
736 4334 828 4389 Plaut.
854 4335 937 4389 Mero.
963 4334 1013 4399 111,
1037 4337 1062 4401 4,
1079 4337 1224 4390 oo=64a

115 4419 169 4473 ties
183 4419 333 4472 verletzen.
736 4420 790 4471 tollo
814 4420 888 4471 modo
912 4418 1011 4486 potero]
1031 4418 1187 4473 Lehrroioh
1213 4420 1226 4471 i

142 4503 167 4557 3.
183 4503 378 4573 Bds'qtmmest
395 4501 448 4573 ubil
466 4502 696 4573 dieAnslaesnng
736 4502 830 4556 diesen
863 4501 1010 4556 Gabrauoh
1037 4518 1093 4557 von
1118 4506 1193 4557 ollas
1217 4503 1226 4555 i
