2602 4890
106 202 146 262 82
603 199 645 250 Ad
664 201 724 252 aa.
742 198 763 264 1,
781 203 820 253 17.

106 368 202 445 misit,
226 371 258 430 et
278 365 317 429 ds
339 365 551 442 sermonibus,
574 384 654 446 quos
672 363 713 428 ab
732 363 788 429 illo
806 370 839 428 et
855 363 977 430 Romae
994 366 1082 449 apud
1101 368 1208 433 amico:

106 473 138 531 et
157 467 189 529 in
207 466 321 530 itinere
340 465 469 531 habitos
487 472 593 548 putas,
616 463 733 546 ecquid
750 470 879 529 tantum
900 486 1016 533 causae
1031 469 1083 547 sit,
1105 469 1208 551 ignor<

108 569 209 633 omnis
239 566 272 629 in
303 573 362 629 tua
392 564 499 647 posita
531 569 580 628 eet
609 563 813 629 humanitate
844 565 922 629 mihi
944 586 1016 649 spes
1039 566 1136 633 huius
1158 571 1207 635 lev

107 667 290 732 molestiae:
316 686 401 743 nam,
424 666 451 729 si
473 665 522 727 ita
543 663 706 744 statueris,
739 670 772 728 et
802 664 970 729 irritabilis
992 667 1118 732 animos
1140 690 1207 735 esse

106 789 232 833 morum
256 785 350 847 saepe
373 764 540 829 hominum
562 770 594 829 et
615 764 742 829 eosdem
765 765 945 848 placabilis,
967 771 1000 830 et
1023 788 1091 833 esse
1113 769 1198 835 hanc

105 877 217 946 tatem,
240 876 277 930 ut
299 868 347 930 ita
369 866 482 944 dicam,
505 864 739 948 mollitiamque
769 872 907 931 naturae
929 866 1119 951 plerumque
1142 870 1206 935 bon

105 976 147 1048 et,
169 966 202 1031 id
224 967 311 1051 quod
334 975 431 1049 eaput
453 973 510 1046 est,
541 966 635 1031 nobis
665 965 749 1031 inter
781 987 840 1032 nos
870 975 982 1034 nostra
1011 970 1077 1034 sive
1108 971 1208 1036 incom

105 1069 169 1132 sive
199 1069 277 1132 vitia
308 1068 373 1132 sive
404 1066 539 1131 iniurias
571 1086 638 1130 esse
668 1066 873 1132 tolerandas:
904 1067 998 1132 facile
1029 1071 1118 1150 haec,
1151 1092 1208 1153 que

104 1170 236 1235 modum
267 1189 368 1250 spero,
401 1167 649 1249 mitigabuntur.
693 1164 787 1242 Quod
818 1184 877 1247 ego
900 1171 938 1230 ut
959 1167 1060 1232 facias
1082 1175 1116 1234 te
1139 1191 1197 1235 oro

106 1270 147 1333 ad
170 1289 227 1348 nie,
251 1269 307 1351 qui
328 1274 362 1332 te
384 1269 475 1332 unice
497 1266 607 1348 diligo,
630 1266 767 1329 maxime
789 1266 930 1347 pertinet
952 1268 1114 1331 neminem
1136 1288 1204 1333 esse

104 1392 186 1450 rum,
210 1371 266 1452 qui
289 1375 347 1434 aut
369 1376 401 1433 te
424 1390 489 1432 non
511 1373 598 1432 amet
620 1372 679 1431 aut
701 1366 758 1431 abs
779 1371 811 1430 te
833 1387 897 1432 non
919 1374 1054 1435 ametur.

69 1479 85 1530 5
189 1470 249 1534 llla
270 1491 345 1553 pars
367 1468 524 1552 epistulae
554 1473 632 1532 tuae
666 1467 794 1531 minime
820 1466 883 1531 fuit
904 1469 1095 1546 necessaria,
1118 1471 1153 1533 in
1175 1493 1208 1554 qr

105 1572 206 1655 poniS,
229 1592 309 1653 quas
331 1569 505 1634 facultates
529 1576 587 1632 aut
609 1567 853 1650 provincialium
875 1574 933 1631 aut
955 1568 1158 1634 urbanorum
1175 1592 1208 1635 co

105 1672 221 1736 dorum
253 1678 285 1735 et
317 1671 389 1734 aliis
419 1668 618 1751 temporibus
650 1675 682 1732 et
713 1688 763 1730 me
794 1670 863 1750 ipso
894 1666 1025 1733 consule
1047 1677 1208 1751 praeterm

105 1771 186 1834 Mihi
208 1771 292 1835 euim
315 1776 485 1854 perspecta
506 1778 554 1832 est
576 1767 759 1850 ingenuitas
785 1773 819 1831 et
840 1769 1030 1849 magnitudo
1053 1769 1156 1835 animi
1178 1778 1208 1834 tu

104 1892 166 1955 que
199 1892 260 1953 ego
290 1871 374 1935 inter
405 1891 454 1934 me
486 1876 584 1952 atque
617 1875 650 1931 te
680 1869 853 1951 quicquam
879 1868 1034 1934 interesse
1056 1892 1208 1954 umquam

104 1979 233 2056 praeter
264 1972 462 2037 voluntatem
494 1969 663 2034 institutae
694 1967 790 2046 vitae,
812 1968 898 2051 quod
920 1991 969 2035 me
993 1970 1131 2036 ambitio
1153 1993 1208 2056 qus

106 2275 226 2338 Domitio,
244 2274 382 2336 sesosidis,
400 2273 438 2323 ita
448 2273 542 2338 opinor
551 2288 609 2322 esse.
626 2267 688 2321 Wie
730 2270 756 2323 J.
775 2272 808 2323 60
825 2288 861 2323 an
880 2271 975 2325 seinen
989 2271 1097 2327 Bruder
1115 2275 1201 2328 solbet

106 2361 168 2411 laxe
188 2357 404 2424 Verbindungen
423 2356 481 2408 sieh
500 2355 529 2407 in
547 2354 602 2407 den
614 2353 689 2406 Brie·
730 2353 871 2420 1,1‚37):
901 2373 986 2408 omnes
1002 2359 1072 2408 emim
1096 2360 1143 2425 pai
1160 2360 1208 2410 istis

105 2443 152 2495 fen
178 2441 279 2506 finden,
307 2441 406 2508 miigen
435 2456 489 2492 von
517 2438 607 2491 vielen
630 2436 689 2489 Bei-
731 2436 826 2504 Anien)
844 2440 958 2505 veniant,
982 2441 1021 2491 ita
1047 2442 1080 2494 de
1094 2450 1144 2493 tua
1160 2444 1208 2494 virs

106 2526 211 2594 spielen
228 2523 356 2591 folgende
379 2522 492 2590 zeigen:
518 2524 579 2574 Art.
597 2520 631 2585 X,
650 2521 689 2585 15,
730 2524 852 2587 reprimis,
874 2524 1037 2576 humanitate
1063 2542 1208 2578 commemor

105 2612 135 2662 4:
155 2610 186 2661 de
197 2610 292 2672 Quinto
305 2625 395 2674 puero,
414 2609 493 2658 datur
510 2623 589 2672 opera
599 2625 604 2656 :
616 2621 689 2670 spero
730 2607 758 2656 im
776 2607 827 2656 tais
844 2608 950 2658 summis
965 2609 1086 2659 laudibus
1092 2612 1208 2677 excipiam

105 2713 155 2746 esse
172 2695 286 2745 nseliora.
323 2693 371 2742 De
391 2692 527 2754 Quinto
539 2691 689 2756 fratrc,
730 2691 905 2742 iracundiam.
923 2721 956 2730 -
974 2694 1072 2744 eosdem
1084 2695 1208 2760 placabili

105 2781 165 2831 scito
194 2795 268 2830 eum
294 2792 346 2826 mors
374 2775 533 2826 mediocriter
562 2775 688 2824 laborare.
731 2789 787 2826 was
805 2772 895 2826 Horas
913 2774 981 2826 iiber
999 2775 1093 2829 seineu
1113 2777 1207 2845 eigene

104 2859 223 2924 XV,la,
242 2861 273 2910 2:
291 2860 327 2911 de
344 2858 522 2921 Antonio,
539 2858 594 2908 iam
611 2865 689 2907 antea
731 2856 828 2909 rakter
845 2861 909 2924 ssgt
936 2857 1016 2925 epist.
1044 2858 1066 2924 I,
1090 2861 1133 2924 20,
1159 2863 1205 2913 25;

104 2947 147 2996 cidi
163 2945 254 3010 scripsi
270 2960 339 2993 sion
358 2959 434 2993 esse
452 2959 526 2992 eam
544 2960 561 2992 a
578 2956 618 2990 me
632 2956 688 2989 ccm-
732 2942 844 3006 celerem,
862 2950 950 2993 tamem
967 2950 996 2992 ut
1014 2943 1156 3008 placabilis
1182 2961 1208 2995 es

104 3039 213 3081 ventum.
242 3027 307 3078 fam.
334 3025 368 3091 ΙΙ,
396 3026 435 3092 16,
462 3026 486 3077 6.
525 3022 558 3076 D.
585 3022 689 3075 Brutus
730 3022 900 3092 incommoda]
934 3023 1208 3093 Unzutrtgliohkeite

104 3114 168 3164 fam.
187 3111 234 3175 XI,
257 3111 281 3176 9,
306 3113 327 3160 l.
363 3110 422 3160 Ait.
449 3108 484 3173 II,
514 3111 538 3173 2,
556 3110 580 3160 3.
612 3108 637 3171 4,
663 3107 687 3157 3.
732 3107 820 3160 durch
834 3107 886 3162 den
905 3107 1061 3176 Gegensstz
1079 3109 1129 3164 der
1146 3111 1208 3164 Chai

107 3196 156 3257 111,
175 3198 198 3260 7,
216 3196 240 3246 3.
259 3195 299 3256 12,
315 3195 339 3244 2.
358 3190 420 3258 ΧΠ,
442 3194 482 3257 23,
504 3193 528 3244 3.
546 3208 688 3243 -sermo-
732 3190 951 3259 hervorgerufen
961 3191 1080 3258 werden,
1090 3191 1208 3246 brauehe

106 3275 231 3344 adas...]
243 3265 689 3343 nachteiligedusserungeniiber
731 3276 813 3329 keine
831 3275 930 3329 Fehler
947 3293 979 3328 zu
998 3277 1075 3344 sein3
1098 3279 1162 3330 sitia
1188 3277 1208 3329 si

108 3362 226 3412 Atticus,
269 3357 295 3411 S.
317 3358 390 3411 Einl.
413 3378 435 3411 z.
461 3359 507 3412 Br.
532 3359 577 3412 die
603 3357 688 3410 Stella
729 3359 821 3428 jektiv
839 3358 946 3424 Fehler,
965 3358 1036 3412 ohne
1056 3359 1120 3412 dass
1139 3377 1202 3413 man

106 3447 167 3496 Att.
185 3443 205 3509 1,
234 3445 273 3508 19,
298 3446 337 3495 11.
358 3471 387 3478 -
406 3446 496 3510 ecquid
513 3453 616 3495 tamam
627 3459 687 3492 caa-
731 3441 959 3498 verantwortlioh
979 3445 1052 3497 wire
1071 3445 1146 3510 (ciria
1163 3455 1208 3497 aar

106 3545 150 3579 sae
167 3525 208 3594 sit]
225 3545 292 3594 qaae
309 3529 337 3577 im
354 3529 394 3578 liis
411 3529 501 3578 litteris
517 3537 592 3579 tanta
608 3543 690 3578 causa
732 3530 809 3580 moda
826 3528 916 3581 deor.
934 3526 1046 3594 11,305),
1064 3530 1207 3581 iniuriosa

106 3613 175 3675 inat,
202 3628 249 3661 car
275 3620 304 3662 ta
329 3613 371 3662 illi
396 3621 527 3679 tantopere
544 3625 691 3662 succenseas
733 3610 878 3665 sichtliche
896 3610 1127 3681 Belaidigungen.
1150 3613 1208 3666 Mar

109 3692 227 3761 (Orelli).
263 3692 318 3745 Das
340 3693 520 3748 bedeutsame
534 3704 614 3761 paras
631 3690 689 3745 und
731 3695 855 3749 hierem
882 3694 1009 3748 Schlusse
1036 3702 1113 3765 wagt
1140 3698 1196 3752 sich

110 3779 158 3830 das
178 3777 296 3829 Priisens
314 3780 346 3829 sir
364 3779 469 3846 zeigen,
486 3778 549 3831 dass
568 3794 621 3830 von
640 3776 687 3829 des
731 3779 815 3833 schon
834 3785 920 3832 etwas
947 3781 1026 3833 mehr
1053 3782 1107 3835 mit
1125 3782 1207 3836 derS

109 3860 228 3925 Quintus
264 3860 477 3929 Berechtigung,
507 3861 620 3914 Atticus
655 3879 688 3914 zu
731 3864 841 3916 herens.
859 3891 892 3900 -
909 3883 984 3932 quem
1001 3867 1037 3918 acl
1054 3866 1208 3935 modam]st

111 3946 260 4010 verletzen,
277 3945 355 3997 nieht
372 3944 416 3997 die
434 3944 509 3998 Reda
527 3946 587 3999 sein
605 3945 688 3997 kann.
732 3947 868 4001 kiirzeren
881 3957 911 3999 at
927 3948 972 4000 liir
991 3949 1208 4005 solcheZwischr

107 4057 140 4064 -
157 4026 210 4095 red]
230 4044 294 4096 mag
317 4046 375 4080 nun
402 4028 466 4082 dein
484 4029 561 4082 Groll
578 4029 690 4082 berech·
731 4033 769 4084 ist
779 4031 808 4083 in
818 4030 1092 4098 spiterenSchriften
1102 4033 1208 4089 Ciceros

109 4113 166 4179 tigt
184 4111 244 4164 sein
261 4111 422 4165 odernicht.
435 4141 462 4150 -
482 4115 565 4164 omnis
575 4153 581 4165 .
592 4152 598 4165 .
609 4152 615 4165 .
625 4110 688 4180 spes]
732 4113 879 4182 Landgraf
894 4130 943 4166 zur
962 4114 1040 4168 Roso.
1057 4118 1082 4169 5.
1092 4146 1124 4154 —
1140 4121 1208 4171 marri

109 4195 690 4264 'l'rennungzusammengehdrenderWdr·
732 4196 806 4264 tina]
826 4197 888 4251 ‘von
906 4197 954 4250 der
973 4199 1101 4267 gudesten
1112 4201 1206 4256 Wicht

109 4284 153 4329 ter
180 4276 351 4344 (Olorismas)
384 4278 451 4331 hebt
478 4279 522 4333 die
548 4279 690 4334 einzelnen
733 4280 871 4335 lehrreich
897 4281 935 4335 ist
960 4280 1007 4336 die
1030 4283 1208 4352 Vergleiclrur

110 4359 229 4429 llegriffe
247 4362 371 4415 schirler
389 4362 541 4416 herron-
558 4362 689 4431 statueris]
734 4368 825 4418 aranee
851 4365 922 4419 oben
947 4365 964 4432 ἕ
989 4368 1024 4434 2;
1049 4366 1155 4438 Bergan
1180 4369 1208 4422 St

111 4461 164 4497 von
176 4445 225 4498 der
236 4445 504 4515 Ansichtsusgehst‚
522 4447 609 4501 daran
627 4447 692 4501 fest·
734 4448 760 4502 S.
778 4451 802 4503 8.

98 4527 199 4583 halese.
222 4562 237 4570 ··
253 4528 400 4600 irmlubilis]
410 4529 504 4587 Cicero
512 4531 636 4587 schreibt
652 4532 692 4585 im
768 4533 793 4586 ὅ.
809 4550 875 4601 quas
890 4532 1108 4603 facultates...]
1134 4536 1208 4605 Gelep
